1950 3308
188 382 474 425 1092-1095
523 392 674 423 versus
725 381 1012 422 1104—1108
1060 377 1279 422 continent
1326 378 1511 432 primum
1553 379 1692 422 diver-

141 444 145 450 ’
185 451 300 494 bium
333 451 447 504 quod
478 450 618 493 nuntii
651 450 874 503 Euripidei
905 449 1143 492 imitantur.

359 521 436 563 καί
461 536 529 570 τις
558 521 638 563 τόὸ
669 517 814 562 εἶπεν·
848 517 882 562 ὦ
913 522 1081 572 νεανία,
1113 522 1159 562 τί
1187 530 1259 562 σοι

358 596 454 648 θεῷ
483 590 852 644 κατευξώμεσθα;
882 590 1005 639 τίνος
1040 590 1155 643 ήκεις
1179 589 1336 645 ’χάριν;

357 660 421 704 ὁδ’
456 657 575 703 εἶπε·
613 660 873 716 Φοίβῳγτῆς
903 659 1126 714 πάροιθεν
1157 659 1382 715 ἁμαρτίας.

184 744 248 775 vv.
279 733 567 774 1123—1126
603 729 913 783 Neoptolemus
946 729 1139 772 homines
1170 731 1426 784 interrogat,
1459 731 1535 773 sed
1567 741 1693 772 nemo

134 821 138 826 ·
179 796 438 856 respondet;
470 803 702 855 praeterea
733 799 872 842 oratio
906 800 1071 842 directa
1102 798 1345 842 invenitur:
1386 800 1514 843 Herc.
1549 803 1694 842 936-

182 874 280 923 946,
305 874 403 923 952,
428 873 674 921 965-967,
699 873 944 920 975-976,
971 869 1215 922 982-983,
1241 873 1487 913 988-989.
1522 869 1691 913 Heracl.

181 945 428 992 804-810,
461 943 605 984 826-
609 944 707 991 827,
742 939 906 995 839140
938 940 1115 983 nuntius
1147 940 1376 984 clamoiem
1403 941 1692 995 pugnantium

181 1012 332 1056 eodem
364 1011 491 1055 modo
522 1011 666 1054 reddit
698 1023 783 1065 quo
814 1011 859 1054 in
891 1023 1039 1065 pugna
1066 1011 1269 1054 auditur:

357 1076 414 1124 ³52
444 1082 521 1132 τὰς
549 1083 735 1136 Ἀθήνας
766 1105 820 1112 ——
848 1075 903 1123 Ὠ
935 1082 1013 1123 τὸν
1042 1081 1250 1135 Ἀργείων
1281 1082 1396 1135 γύην

360 1153 617 1207 σπείροντες
648 1176 704 1183 —
737 1151 819 1194 οὐκ
850 1151 1016 1207 ἀρήξετ’
1052 1152 1270 1206 αἰσχύνην
1301 1153 1441 1193 πόλει.

180 1222 330 1277 Suppl.
365 1226 620 1275 669—672;
668 1226 765 1274 702,
812 1226 1056 1264 711-712.
1119 1222 1152 1264 1.
1186 1221 1234 1264 T.
1269 1225 1499 1265 267-280
1543 1226 1694 1276 pastor

181 1296 371 1344 enarrat,
403 1293 506 1347 quid
539 1297 739 1347 pastores
771 1293 886 1335 inter
917 1305 964 1336 se
997 1293 1356 1344 deliberaverint3
1390 1293 1530 1346 prima
1562 1293 1694 1335 verba

180 1363 345 1406 directa
378 1363 518 1414 affert,
555 1364 688 1406 verba
719 1368 866 1406 autem
899 1364 1174 1417 insequentia
1206 1377 1284 1418 per
1315 1363 1556 1406 orationem
1588 1363 1693 1405 obli-

180 1446 308 1487 quam
331 1436 577 1485 275-278‚
602 1434 848 1477 279—280.
892 1434 1100 1478 Versibus
1119 1437 1345 1478 285—291
1373 1435 1505 1477 verba
1524 1433 1692 1477 Orestis

178 1507 228 1546 ut
248 1503 416 1547 insania
438 1504 711 1548 describatur
730 1503 991 1556 afferuntur;
1026 1517 1091 1547 vv.
1118 1508 1347 1547 321—322
1373 1505 1504 1547 verba
1524 1504 1692 1547 Orestis

180 1573 334 1627 quibus
366 1574 548 1618 amicum
590 1575 635 1617 in
678 1574 826 1618 hostes
873 1587 1050 1618 currere
1090 1575 1234 1626 iubet;
1284 1575 1335 1617 cf.
1370 1575 1402 1617 Ι.
1437 1575 1484 1617 T.
1522 1578 1692 1617 13:38-—

123 1651 125 1653 '
183 1647 295 1687 1360
326 1648 371 1687 et
406 1648 694 1687 1361—1363
727 1646 902 1700 (quibus
934 1646 1130 1688 versibus
1153 1645 1350 1699 dialogus
1373 1645 1612 1688 Taurorum
1647 1649 1691 1687 et

180 1714 443 1757 Graecorum
467 1715 685 1769 redditur)
712 1719 1022 1769 1386—1389;
1060 1719 1370 1770 1398—14023
1403 1715 1494 1758 Ion.
1522 1719 1691 1758 1127-

182 1786 313 1837 1131;
350 1787 660 1836 1178—11803
700 1787 1328 1828 1210—1212.1220—1221.
1372 1785 1422 1828 In
1443 1786 1691 1828 narratione

176 1853 380 1897 Electrae
420 1855 597 1898 nuntius
641 1856 783 1898 omnia
814 1856 946 1898 verba
978 1869 1089 1910 quae
1130 1856 1325 1898 homines
1356 1855 1565 1906 fecerunt,
1614 1867 1692 1909 per

177 1925 418 1968 orat-ionem
450 1925 660 1969 directam
692 1926 902 1980 explicat:
934 1927 1120 1981 primum
1154 1939 1220 1969 vv.
1252 1926 1482 1969 779--796
1514 1928 1691 1969 nuntius

178 1998 320 2038 totum
351 1995 611 2051 colloquium
642 1997 756 2051 quod
799 1997 912 2039 inter
946 1997 1145 2040 Orestem
1180 2001 1224 2040 et
1258 1997 1514 2050 Aegisthum
1548 2002 1691 2039 ortum

124 2119 126 2121 ,
178 2069 260 2116 est,
303 2066 519 2121 imitatur;
566 2070 796 2109 805-837
843 2067 1041 2109 redditur
1085 2067 1240 2121 quibus
1274 2067 1417 2109 verbis
1451 2067 1690 2120 Aegisthus

176 2135 388 2190 nymphas
419 2137 686 2179 invocaverit
726 2140 771 2179 et
803 2149 898 2178 cum
931 2136 1088 2179 Oreste
1121 2136 1358 2179 collocutus
1390 2137 1460 2179 sit.
1511 2136 1615 2179 'Hac
1649 2137 1691 2178 in

178 2209 306 2258 parte
343 2206 555 2259 probatur
585 2207 783 2249 nuntium
829 2207 872 2249 id
904 2208 1082 2250 studere
1114 2212 1164 2249 ut
1195 2219 1342 2249 veram
1376 2212 1572 2250 naturam
1607 2220 1692 2249 ser-

178 2275 315 2319 monis
337 2275 555 2319 imitetur:
589 2289 626 2318 v.
646 2280 726 2319 831
765 2276 944 2320 Orestes
966 2278 1210 2331 interrogat
1241 2281 1286 2320 et
1307 2276 1549 2330 Aegisthus
1580 2277 1690 2320 cele-

176 2346 283 2389 riter
313 2347 548 2400 respondet
574 2349 660 2389 >Tc
677 2346 808 2403 χρῆμ’
830 2347 1042 2402 ἀθυμεῖς(
1064 2363 1072 2403 ;
1112 2341 1185 2390 >³52
1213 2347 1298 2399 ξέν’
1325 2347 1510 2404 ὀρρωδῶ
1531 2363 1654 2390 τινα(
1679 2363 1687 2400 ;

175 2415 351 2459 nuntius
396 2417 531 2470 igitur
574 2421 623 2459 ut
656 2417 912 2471 Aegisthum
955 2419 1157 2461 celeriter
1198 2419 1474 2473 respondisse
1515 2418 1688 2468 indicet,

175 2486 344 2529 omittit
365 2499 417 2530 ea
439 2487 571 2530 verba
594 2488 912 2541 quibusoratio
936 2489 1099 2531 directa
1130 2489 1172 2530 in
1195 2490 1487 2532 narrationem
1522 2488 1690 2530 institui

175 2555 300 2599 solet.
372 2556 595 2608 Quomodo
638 2558 816 2601 nuntius
860 2559 941 2601 hoc
984 2559 1110 2601 modo
1155 2560 1367 2602 recitandi
1412 2557 1688 2611 expresserit,

173 2625 368 2669 videmus
409 2640 463 2668 ex
504 2627 595 2670 loco
627 2627 880 2678 Quintiliani
923 2642 1054 2682 supra
1099 2629 1289 2672 laudato.
1354 2641 1418 2670 vv.
1454 2630 1683 2669 847—851

174 2695 360 2748 denique
411 2695 591 2738 Orestes
651 2697 863 2741 satellites
918 2698 1114 2752 Aegisthi
1173 2699 1254 2740 sibi
1317 2697 1529 2741 conciliat.
1608 2697 1687 2740 Hie

175 2763 311 2816 igitur
341 2765 472 2807 verba
504 2759 721 2808 hominum
766 2768 940 2821 longum
974 2769 1161 2823 spatium
1195 2768 1406 2811 obtinent
1435 2771 1480 2810 et
1511 2768 1685 2821 saepius

176 2835 309 2877 verba
332 2833 572 2878 afferuntur
604 2849 714 2890 quae
746 2839 799 2880 ad
834 2849 923 2880 rem
957 2839 1093 2892 ipsam
1116 2839 1375 2881 narrandam
1397 2851 1482 2881 non
1504 2839 1686 2880 multum

174 2905 395 2958 pertinent
448 2906 566 2949 velut
619 2920 670 2949 ea
715 2908 869 2961 quibus
914 2908 1147 2962 Aegisthus
1189 2907 1386 2952 Orestem
1440 2906 1689 2951 invitaverit
