1936 3276
927 259 1216 299 -ssg—

324 377 522 416 movetur
565 374 607 415 id
651 372 764 426 quod
807 371 862 414 ad
906 383 997 413 rem
1044 372 1382 425 cognoscendam
1425 373 1530 417 satis
1572 374 1630 418 sit
1678 375 1815 418 solum

325 443 532 486 contineri
560 441 878 484 narrationibus
909 444 1054 483 autem
1086 441 1458 495 catastropharum
1489 455 1558 486 res
1579 444 1628 487 ut
1648 448 1815 500 specta-

326 512 493 554 toribus
525 514 624 553 ante
657 511 800 553 oculos
833 510 919 553 sint
951 510 1138 564 depingi,
1172 511 1215 553 in
1248 511 1279 554 I.
1305 511 1351 553 T.
1387 515 1470 555 260
1485 524 1545 566 sq.
1588 516 1633 556 et
1661 513 1815 558 Bacch.

327 585 407 623 677
422 593 481 633 sq.
531 580 701 622 nuntios
749 584 797 622 ut
843 583 1009 623 ceteros
1053 580 1225 624 nuntios
1272 581 1529 635 Euripideos
1574 595 1644 626 res
1692 595 1815 628 accu-

324 650 538 692 ratissime
570 650 785 702 explicare
817 649 1023 693 videmus
1085 649 1170 692 Sed
1202 651 1245 692 in
1268 650 1362 693 Hel.
1389 654 1470 694 605
1505 656 1676 695 exstant
1707 653 1816 697 duae

323 718 486 761 formae
518 718 702 762 mixtae:
735 719 910 762 nuntius
942 720 1231 762 narrationem
1256 721 1369 774 quod
1393 720 1572 764 formam
1595 725 1818 767 externam

327 788 486 830 attinet
531 792 579 830 ut
625 789 758 831 ceteri
802 789 941 831 nuntii
972 789 1195 842 Euripidei
1230 790 1418 833 instituit
1450 803 1488 832 v.
1523 794 1604 834 597
1620 804 1696 846 sq„
1740 793 1817 836 sed

321 858 512 900 narratio
545 859 657 912 quod
689 871 741 901 ea
767 859 820 901 de
844 871 972 901 causa
994 858 1084 901 sola
1105 862 1154 901 ut
1174 859 1398 902 Menalaus
1422 859 1631 904 Helenam
1660 874 1815 916 agnos-

323 931 392 970 cat
438 928 480 969 in
524 928 791 980 tragoediam
838 928 1068 978 inducitur,
1113 928 1155 970 id
1200 928 1335 970 solum
1379 929 1568 972 continet
1613 931 1727 984 quod
1760 932 1816 975 ad

326 997 538 1039 actionem
580 997 915 1050 promovendam
959 997 1064 1040 satis
1106 1000 1173 1039 est
1212 1001 1256 1040 et
1295 997 1483 1040 refertur
1514 999 1663 1042 eodem
1693 997 1847 1044 modo,

1922 550 1936 597 τ-.·ι
1926 524 1936 540 n
1907 475 1936 514 ..2:0-
1925 419 1936 467 2...-
1915 295 1936 406 fnjffl‘nffln

324 1078 407 1119 quo
445 1078 616 1121 semper
647 1079 782 1109 novae
814 1079 883 1109 res
914 1067 958 1110 in
988 1067 1234 1120 tragoedias
1266 1068 1525 1111 inducuntur
1556 1081 1612 1112 sc.
1643 1065 1820 1115 nuntius
1872 1074 1875 1078 ’
1930 1056 1936 1063 “

322 1148 391 1179 res
439 1148 522 1178 non
567 1137 619 1179 ab
662 1137 782 1179 initio
827 1137 1026 1191 explicat,
1071 1137 1146 1179 sed
1188 1137 1232 1180 id
1275 1150 1406 1180 unum
1444 1138 1577 1181 refert
1609 1138 1817 1184 Helenain

325 1217 454 1259 quam
489 1205 711 1249 Menelaus
743 1206 872 1249 Troia
905 1206 1046 1249 deleta
1077 1219 1185 1249 nave
1218 1206 1401 1258 duxerit,
1439 1208 1493 1250 ad
1524 1207 1688 1251 caelum
1718 1221 1818 1264 rap-

323 1279 412 1317 tam
447 1288 553 1318 esse.
616 1275 685 1319 Sic
717 1277 859 1319 nullus
891 1277 1066 1319 nuntius
1088 1277 1348 1331 Euripideus
1380 1277 1701 1332 catastropham
1719 1289 1821 1322 nar-

323 1359 421 1391 rare
465 1349 623 1401 potest,
669 1346 781 1399 quod
825 1345 915 1388 hae-
946 1346 1215 1389 narrationes
1248 1347 1374 1389 aliam
1405 1350 1605 1390 naturam
1634 1359 1740 1401 prae
1769 1360 1817 1391 se

327 1419 487 1461 ferunt.
518 1441 574 1446 —
616 1416 742 1466 Unde
789 1417 1040 1459 sumendum
1088 1429 1182 1459 esse
1227 1420 1333 1471 puto
1383 1416 1634 1471 Euripidem
1684 1429 1818 1471 genus

327 1489 576 1532 nuntiorum
622 1487 733 1540 quod
767 1487 851 1529 iam
882 1486 1031 1541 primis
1067 1487 1303 1540 tragoediis
1334 1490 1423 1530 tam
1454 1488 1669 1530 excultum
1700 1487 1818 1531 inve-

324 1559 477 1608 nimus,
512 1557 567 1600 ad
599 1556 898 1610 catastrophas
930 1557 1164 1599 narrandas
1196 1556 1520 1609 excogitavisse,
1550 1560 1643 1598 tum
1671 1559 1817 1600 autem

325 1629 379 1670 ad
412 1627 518 1669 alias
549 1638 618 1669 res
649 1626 886 1668 narrandas
917 1626 1203 1668 transtulisse.
1267 1626 1389 1676 Quod
1421 1626 1606 1680 primum
1636 1626 1690 1669 de
1720 1638 1833 1670 nar»

325 1697 564 1740 rationibus
614 1695 766 1749 quibus
810 1707 880 1738 res
924 1695 1226 1749 catastrophae
1271 1695 1510 1738 simillimae
1553 1696 1823 1750 explicantur

326 1768 446 1809 velut
488 1767 531 1808 in
577 1766 680 1808 Hec.
705 1769 864 1819 484sq.
909 1768 953 1808 et
995 1765 1038 1807 in
1071 1765 1144 1808 Or.
1168 1769 1325 1819 844sq.
1366 1764 1518 1808 fecisse
1550 1766 1732 1817 videtur,
1776 1766 1820 1809 in

330 1835 643 1890 posterioribus
687 1839 833 1877 autem
877 1835 1112 1887 tragoediis
1144 1859 1196 1864 —
1231 1838 1441 1887 quatenus
1485 1835 1538 1876 de
1569 1834 1647 1877 hac
1676 1843 1724 1876 re
1754 1835 1817 1877 iu-

324 1905 468 1947 dicare
510 1915 736 1957 possumus
768 1927 822 1932 —
855 1903 985 1944 etiam
1029 1904 1082 1944 de
1114 1903 1208 1944 aliis
1241 1903 1368 1945 rebus
1401 1902 1663 1956 explicandis
1695 1906 1743 1946 ut
1773 1904 1818 1947 in

322 1974 354 2016 Ι.
377 1974 420 2015 Τ.
453 1973 613 2015 Phoen.
646 1971 820 2022 Bacch.;
868 1972 1036 2013 initium
1079 1974 1222 2013 autem
1258 1971 1385 2013 huius
1430 1971 1724 2016 translationis
1772 1973 1816 2016 in

324 2042 420 2085 Hel.
456 2045 537 2085 597
550 2054 610 2094 sq.
650 2041 902 2084 invenimus.

444 2111 580 2162 Quam
624 2111 883 2153 sententiam
927 2109 978 2151 de
1021 2108 1239 2162 Euripidis
1282 2109 1518 2162 tragoediis
1565 2110 1815 2164 tragoediae

324 2181 589 2234 Aeschyleae
616 2180 895 2233 comprobare
917 2178 1130 2220 videntur.
1192 2179 1389 2221 Formam
1419 2179 1530 2221 enim
1563 2192 1647 2233 qua
1676 2180 1816 2223 nuntii

324 2250 550 2303 Euripidei
591 2253 784 2299 utuntur,
817 2249 858 2290 in
890 2248 1125 2300 tragoediis
1158 2248 1472 2299 vetustissimis,
1513 2250 1557 2291 in
1588 2249 1738 2303 Suppl.
1770 2253 1816 2293 et

323 2320 455 2373 Pers„
496 2319 733 2362 invenimus
765 2322 895 2370 atque
927 2318 1054 2359 etiam
1102 2317 1376 2370 catastropha
1407 2317 1472 2359 his
1504 2318 1548 2360 in
1579 2319 1814 2372 tragoediis

323 2389 577 2443 exprimitur
619 2387 935 2430 narrationibus
978 2398 1030 2429 ex
1073 2386 1225 2440 quibus
1266 2398 1344 2440 per
1374 2386 1534 2440 gradus
1567 2387 1621 2429 ad
1653 2377 1813 2430 certam

322 2458 504 2501 formam
535 2457 814 2510 Euripideam
853 2456 1076 2510 pervenire
1106 2468 1344 2509 possumus.
1406 2455 1455 2497 In
1487 2455 1638 2498 Aesch.
1663 2451 1811 2511 Suppl.

322 2541 361 2570 v.
387 2528 511 2571 ssooll
546 2528 720 2570 Danaus
752 2526 805 2568 ad
838 2536 1031 2569 scaenam
1064 2527 1180 2568 venit
1202 2525 1307 2568 haec
1338 2526 1469 2568 verba
1501 2526 1668 2568 dicens:
1700 2530 1812 2580 θαρ-

323 2605 437 2639 σεῖτε
481 2597 656 2646 παῖδες·
688 2593 738 2638 εὖ
780 2595 832 2637 τὰ
872 2602 960 2637 τῶν
1000 2593 1225 2650 ἐγχωρίων
1270 2596 1414 2650 δήμου
1456 2594 1660 2637 δέδοκται
1703 2609 1812 2639 παν-

322 2670 422 2720 τελῆ
454 2668 713 2721 ψηφίσματα
745 2678 797 2707 sc.
827 2664 973 2718 paucis
1004 2664 1144 2708 verbis
1177 2664 1501 2718 comprehendit
1526 2665 1639 2719 quod
1658 2668 1813 2719 postea

323 2735 612 2788 explicaturus
645 2739 733 2787 est3
769 2735 848 2778 hoc
879 2738 978 2777 ante
1012 2735 1151 2776 omnia
1185 2735 1343 2788 dialogi
1375 2735 1447 2787 qui
1478 2735 1673 2777 omnibus
1703 2747 1810 2777 nun*

322 2804 480 2846 tiorum
510 2805 827 2848 narrationibus
858 2804 1101 2857 Euripideis
1141 2803 1434 2858 praemittitur
1464 2804 1684 2857 proprium
1717 2815 1810 2846 esse

323 2885 455 2926 supra
486 2874 989 2917 commemoravimus—
1022 2873 1111 2915 Hac
1143 2877 1287 2917 autem
1319 2873 1361 2915 in
1393 2885 1439 2915 re
1470 2871 1714 2915 differentia
1745 2872 1810 2916 est
