<?xml version="1.0" encoding="UTF-8"?>
<!DOCTYPE html PUBLIC "-//W3C//DTD XHTML 1.0 Transitional//EN"
    "http://www.w3.org/TR/xhtml1/DTD/xhtml1-transitional.dtd">
<html xmlns="http://www.w3.org/1999/xhtml" xml:lang="en" lang="en">
 <head>
  <title>
</title>
<meta http-equiv="Content-Type" content="text/html;charset=utf-8" />
  <meta name='ocr-system' content='tesseract 3.04.00' />
  <meta name='ocr-capabilities' content='ocr_page ocr_carea ocr_par ocr_line ocrx_word'/>
</head>
<body>
  <div class='ocr_page' id='page_1' title='image "./detragicorumatti00hennuoft_0041.png"; bbox 0 0 1950 3308; ppageno 0'>
   <div class='ocr_carea' id='block_1_1' title="bbox 0 0 230 102">
    <p class='ocr_par' dir='ltr' id='par_1_1' title="bbox 0 0 230 102">
     <span class='ocr_line' id='line_1_1' title="bbox 0 0 230 102; baseline 0 3206"><span class='ocrx_word' id='word_1_1' title='bbox 0 0 230 102; x_wconf 95' lang='lat' dir='ltr'> </span> 
     </span>
    </p>
   </div>
   <div class='ocr_carea' id='block_1_2' title="bbox 779 294 1068 334">
    <p class='ocr_par' dir='ltr' id='par_1_2' title="bbox 779 294 1068 334">
     <span class='ocr_line' id='line_1_2' title="bbox 779 294 1068 334; baseline -0.007 -11"><span class='ocrx_word' id='word_1_2' title='bbox 779 294 1068 334; x_wconf 49' lang='lat'>*35—</span> 
     </span>
    </p>
   </div>
   <div class='ocr_carea' id='block_1_3' title="bbox 151 408 1681 2360">
    <p class='ocr_par' dir='ltr' id='par_1_3' title="bbox 151 408 1681 2360">
     <span class='ocr_line' id='line_1_3' title="bbox 171 408 1681 462; baseline -0.003 -8"><span class='ocrx_word' id='word_1_3' title='bbox 171 410 371 455; x_wconf 84' lang='lat' dir='ltr'>hilaritas</span> <span class='ocrx_word' id='word_1_4' title='bbox 393 411 524 454; x_wconf 87' lang='lat' dir='ltr'>animi</span> <span class='ocrx_word' id='word_1_5' title='bbox 547 423 600 453; x_wconf 87' lang='lat' dir='ltr'>ex</span> <span class='ocrx_word' id='word_1_6' title='bbox 622 411 819 453; x_wconf 88' lang='lat' dir='ltr'>omnibus</span> <span class='ocrx_word' id='word_1_7' title='bbox 842 410 1082 453; x_wconf 83' lang='lat' dir='ltr'>actionibus</span> <span class='ocrx_word' id='word_1_8' title='bbox 1113 413 1158 452; x_wconf 90' lang='lat' dir='ltr'>et</span> <span class='ocrx_word' id='word_1_9' title='bbox 1189 421 1242 452; x_wconf 85' lang='lat' dir='ltr'>ex</span> <span class='ocrx_word' id='word_1_10' title='bbox 1274 409 1368 462; x_wconf 88' lang='lat' dir='ltr'>ipsa</span> <span class='ocrx_word' id='word_1_11' title='bbox 1391 408 1681 462; x_wconf 84' lang='lat' dir='ltr'>descriptione</span> 
     </span>
     <span class='ocr_line' id='line_1_4' title="bbox 168 477 1678 536; baseline -0.003 -12"><span class='ocrx_word' id='word_1_12' title='bbox 168 479 239 536; x_wconf 81' lang='lat' dir='ltr'>(cf.</span> <span class='ocrx_word' id='word_1_13' title='bbox 271 481 315 524; x_wconf 91' lang='lat' dir='ltr'>in</span> <span class='ocrx_word' id='word_1_14' title='bbox 347 482 516 524; x_wconf 90' lang='lat' dir='ltr'>duobus</span> <span class='ocrx_word' id='word_1_15' title='bbox 540 481 736 524; x_wconf 89' lang='lat' dir='ltr'>versibus</span> <span class='ocrx_word' id='word_1_16' title='bbox 759 480 1172 535; x_wconf 80' lang='lat' dir='ltr'>agnominationem)</span> <span class='ocrx_word' id='word_1_17' title='bbox 1204 479 1474 534; x_wconf 87' lang='lat' dir='ltr'>intellegitur</span> <span class='ocrx_word' id='word_1_18' title='bbox 1488 477 1534 533; x_wconf 90' lang='lat'>¹).</span> <span class='ocrx_word' id='word_1_19' title='bbox 1598 478 1678 521; x_wconf 89' lang='lat' dir='ltr'>Hic</span> 
     </span>
     <span class='ocr_line' id='line_1_5' title="bbox 166 548 1678 606; baseline -0.003 -11"><span class='ocrx_word' id='word_1_20' title='bbox 166 551 302 606; x_wconf 89' lang='lat' dir='ltr'>igitur</span> <span class='ocrx_word' id='word_1_21' title='bbox 334 552 489 595; x_wconf 86' lang='lat' dir='ltr'>bonam</span> <span class='ocrx_word' id='word_1_22' title='bbox 532 551 764 604; x_wconf 85' lang='lat' dir='ltr'>imaginem</span> <span class='ocrx_word' id='word_1_23' title='bbox 809 551 1030 601; x_wconf 87' lang='lat' dir='ltr'>habemus,</span> <span class='ocrx_word' id='word_1_24' title='bbox 1075 550 1151 593; x_wconf 90' lang='lat' dir='ltr'>sed</span> <span class='ocrx_word' id='word_1_25' title='bbox 1196 551 1249 592; x_wconf 90' lang='lat' dir='ltr'>de</span> <span class='ocrx_word' id='word_1_26' title='bbox 1290 550 1481 592; x_wconf 89' lang='lat' dir='ltr'>moribus</span> <span class='ocrx_word' id='word_1_27' title='bbox 1512 548 1678 592; x_wconf 90' lang='lat' dir='ltr'>Iasonis</span> 
     </span>
     <span class='ocr_line' id='line_1_6' title="bbox 167 620 1679 674; baseline -0.003 -9"><span class='ocrx_word' id='word_1_28' title='bbox 167 626 212 665; x_wconf 90' lang='lat' dir='ltr'>et</span> <span class='ocrx_word' id='word_1_29' title='bbox 249 621 446 665; x_wconf 76' lang='lat' dir='ltr'>Creontis</span> <span class='ocrx_word' id='word_1_30' title='bbox 489 620 595 663; x_wconf 92' lang='lat' dir='ltr'>nihil</span> <span class='ocrx_word' id='word_1_31' title='bbox 639 621 938 673; x_wconf 87' lang='lat' dir='ltr'>comperimus.</span> <span class='ocrx_word' id='word_1_32' title='bbox 974 644 1027 650; x_wconf 95' lang='lat'>—-</span> <span class='ocrx_word' id='word_1_33' title='bbox 1060 620 1108 662; x_wconf 92' lang='lat' dir='ltr'>In</span> <span class='ocrx_word' id='word_1_34' title='bbox 1141 620 1366 674; x_wconf 81' lang='lat' dir='ltr'>Hippolyti</span> <span class='ocrx_word' id='word_1_35' title='bbox 1411 620 1561 662; x_wconf 90' lang='lat' dir='ltr'>nuntio</span> <span class='ocrx_word' id='word_1_36' title='bbox 1606 620 1679 661; x_wconf 93' lang='lat' dir='ltr'>de-</span> 
     </span>
     <span class='ocr_line' id='line_1_7' title="bbox 151 690 1679 746; baseline -0.002 -11"><span class='ocrx_word' id='word_1_37' title='bbox 151 692 346 746; x_wconf 85' lang='lat' dir='ltr'>·scriptio</span> <span class='ocrx_word' id='word_1_38' title='bbox 378 703 546 734; x_wconf 90' lang='lat' dir='ltr'>morum</span> <span class='ocrx_word' id='word_1_39' title='bbox 590 703 675 733; x_wconf 91' lang='lat' dir='ltr'>non</span> <span class='ocrx_word' id='word_1_40' title='bbox 719 703 924 744; x_wconf 87' lang='lat' dir='ltr'>magnum</span> <span class='ocrx_word' id='word_1_41' title='bbox 956 691 1147 743; x_wconf 89' lang='lat' dir='ltr'>spatium</span> <span class='ocrx_word' id='word_1_42' title='bbox 1180 695 1377 744; x_wconf 89' lang='lat' dir='ltr'>occupat.</span> <span class='ocrx_word' id='word_1_43' title='bbox 1440 691 1506 732; x_wconf 88' lang='lat' dir='ltr'>Ex</span> <span class='ocrx_word' id='word_1_44' title='bbox 1537 690 1679 733; x_wconf 87' lang='lat' dir='ltr'>verbis</span> 
     </span>
     <span class='ocr_line' id='line_1_8' title="bbox 166 760 1679 816; baseline -0.001 -11"><span class='ocrx_word' id='word_1_45' title='bbox 166 761 392 816; x_wconf 81' lang='lat' dir='ltr'>Hippolyti</span> <span class='ocrx_word' id='word_1_46' title='bbox 417 764 712 804; x_wconf 83' lang='lat'>1182—1184</span> <span class='ocrx_word' id='word_1_47' title='bbox 744 765 788 804; x_wconf 82' lang='lat' dir='ltr'>et</span> <span class='ocrx_word' id='word_1_48' title='bbox 824 764 1111 803; x_wconf 82' lang='lat'>1191—1193</span> <span class='ocrx_word' id='word_1_49' title='bbox 1147 765 1191 803; x_wconf 83' lang='lat' dir='ltr'>et</span> <span class='ocrx_word' id='word_1_50' title='bbox 1227 764 1513 804; x_wconf 82' lang='lat'>1240—1243</span> <span class='ocrx_word' id='word_1_51' title='bbox 1547 760 1679 803; x_wconf 85' lang='lat' dir='ltr'>mani-</span> 
     </span>
     <span class='ocr_line' id='line_1_9' title="bbox 164 830 1679 885; baseline -0.002 -10"><span class='ocrx_word' id='word_1_52' title='bbox 164 831 323 876; x_wconf 86' lang='lat' dir='ltr'>festum</span> <span class='ocrx_word' id='word_1_53' title='bbox 355 830 405 874; x_wconf 90' lang='lat' dir='ltr'>fit</span> <span class='ocrx_word' id='word_1_54' title='bbox 436 843 534 874; x_wconf 91' lang='lat' dir='ltr'>eum</span> <span class='ocrx_word' id='word_1_55' title='bbox 578 835 742 874; x_wconf 89' lang='lat' dir='ltr'>sortem</span> <span class='ocrx_word' id='word_1_56' title='bbox 784 843 940 885; x_wconf 89' lang='lat' dir='ltr'>magno</span> <span class='ocrx_word' id='word_1_57' title='bbox 982 844 1079 874; x_wconf 90' lang='lat' dir='ltr'>cum</span> <span class='ocrx_word' id='word_1_58' title='bbox 1111 831 1259 874; x_wconf 89' lang='lat' dir='ltr'>dolore</span> <span class='ocrx_word' id='word_1_59' title='bbox 1292 830 1505 873; x_wconf 89' lang='lat' dir='ltr'>ferentem</span> <span class='ocrx_word' id='word_1_60' title='bbox 1537 831 1679 884; x_wconf 89' lang='lat' dir='ltr'>probi-</span> 
     </span>
     <span class='ocr_line' id='line_1_10' title="bbox 164 900 1678 954; baseline 0 -9"><span class='ocrx_word' id='word_1_61' title='bbox 164 905 303 945; x_wconf 83' lang='lat' dir='ltr'>tatem</span> <span class='ocrx_word' id='word_1_62' title='bbox 335 901 466 944; x_wconf 91' lang='lat' dir='ltr'>animi</span> <span class='ocrx_word' id='word_1_63' title='bbox 499 906 544 944; x_wconf 93' lang='lat' dir='ltr'>et</span> <span class='ocrx_word' id='word_1_64' title='bbox 576 902 863 944; x_wconf 85' lang='lat' dir='ltr'>constantiam</span> <span class='ocrx_word' id='word_1_65' title='bbox 896 913 1084 944; x_wconf 90' lang='lat' dir='ltr'>servare.</span> <span class='ocrx_word' id='word_1_66' title='bbox 1116 925 1173 931; x_wconf 86' lang='lat'>—</span> <span class='ocrx_word' id='word_1_67' title='bbox 1203 901 1254 944; x_wconf 89' lang='lat' dir='ltr'>In</span> <span class='ocrx_word' id='word_1_68' title='bbox 1287 901 1390 944; x_wconf 91' lang='lat' dir='ltr'>Hec.</span> <span class='ocrx_word' id='word_1_69' title='bbox 1423 902 1567 954; x_wconf 85' lang='lat' dir='ltr'>imago</span> <span class='ocrx_word' id='word_1_70' title='bbox 1599 900 1678 946; x_wconf 88' lang='lat' dir='ltr'>Po-</span> 
     </span>
     <span class='ocr_line' id='line_1_11' title="bbox 164 971 1678 1028; baseline -0.001 -13"><span class='ocrx_word' id='word_1_71' title='bbox 164 972 350 1028; x_wconf 87' lang='lat' dir='ltr'>lyxenae</span> <span class='ocrx_word' id='word_1_72' title='bbox 391 985 418 1015; x_wconf 94' lang='lat' dir='ltr'>a</span> <span class='ocrx_word' id='word_1_73' title='bbox 449 972 680 1026; x_wconf 85' lang='lat' dir='ltr'>Talthybio</span> <span class='ocrx_word' id='word_1_74' title='bbox 721 985 886 1014; x_wconf 92' lang='lat' dir='ltr'>summo</span> <span class='ocrx_word' id='word_1_75' title='bbox 932 984 1026 1023; x_wconf 88' lang='lat' dir='ltr'>cum</span> <span class='ocrx_word' id='word_1_76' title='bbox 1070 971 1214 1015; x_wconf 91' lang='lat' dir='ltr'>studio</span> <span class='ocrx_word' id='word_1_77' title='bbox 1256 972 1529 1025; x_wconf 83' lang='lat' dir='ltr'>depingitur:</span> <span class='ocrx_word' id='word_1_78' title='bbox 1584 984 1678 1014; x_wconf 86' lang='lat' dir='ltr'>eam</span> 
     </span>
     <span class='ocr_line' id='line_1_12' title="bbox 164 1041 1679 1096; baseline -0.002 -10"><span class='ocrx_word' id='word_1_79' title='bbox 164 1042 341 1086; x_wconf 85' lang='lat' dir='ltr'>fortiter</span> <span class='ocrx_word' id='word_1_80' title='bbox 371 1046 416 1085; x_wconf 92' lang='lat' dir='ltr'>et</span> <span class='ocrx_word' id='word_1_81' title='bbox 447 1042 601 1096; x_wconf 89' lang='lat' dir='ltr'>pudice</span> <span class='ocrx_word' id='word_1_82' title='bbox 634 1046 682 1084; x_wconf 93' lang='lat' dir='ltr'>ut</span> <span class='ocrx_word' id='word_1_83' title='bbox 717 1042 925 1095; x_wconf 87' lang='lat' dir='ltr'>virginem</span> <span class='ocrx_word' id='word_1_84' title='bbox 958 1045 1142 1084; x_wconf 89' lang='lat' dir='ltr'>mortem</span> <span class='ocrx_word' id='word_1_85' title='bbox 1174 1042 1370 1093; x_wconf 87' lang='lat' dir='ltr'>subiisse,</span> <span class='ocrx_word' id='word_1_86' title='bbox 1405 1041 1459 1084; x_wconf 90' lang='lat' dir='ltr'>de</span> <span class='ocrx_word' id='word_1_87' title='bbox 1489 1042 1679 1084; x_wconf 88' lang='lat' dir='ltr'>moribus</span> 
     </span>
     <span class='ocr_line' id='line_1_13' title="bbox 166 1111 1677 1166; baseline -0.001 -11"><span class='ocrx_word' id='word_1_88' title='bbox 166 1116 313 1156; x_wconf 84' lang='lat' dir='ltr'>autem</span> <span class='ocrx_word' id='word_1_89' title='bbox 336 1112 611 1166; x_wconf 86' lang='lat' dir='ltr'>Neoptolemi</span> <span class='ocrx_word' id='word_1_90' title='bbox 644 1112 749 1154; x_wconf 92' lang='lat' dir='ltr'>nihil</span> <span class='ocrx_word' id='word_1_91' title='bbox 781 1112 1088 1166; x_wconf 88' lang='lat' dir='ltr'>cognoscimus.</span> <span class='ocrx_word' id='word_1_92' title='bbox 1141 1111 1208 1154; x_wconf 89' lang='lat' dir='ltr'>Ex</span> <span class='ocrx_word' id='word_1_93' title='bbox 1238 1113 1488 1154; x_wconf 81' lang='lat' dir='ltr'>narratione</span> <span class='ocrx_word' id='word_1_94' title='bbox 1511 1112 1677 1154; x_wconf 88' lang='lat' dir='ltr'>Andro-</span> 
     </span>
     <span class='ocr_line' id='line_1_14' title="bbox 165 1181 1678 1237; baseline -0.001 -11"><span class='ocrx_word' id='word_1_95' title='bbox 165 1182 344 1226; x_wconf 84' lang='lat' dir='ltr'>machae</span> <span class='ocrx_word' id='word_1_96' title='bbox 397 1183 694 1236; x_wconf 89' lang='lat' dir='ltr'>cognoscimus</span> <span class='ocrx_word' id='word_1_97' title='bbox 748 1182 947 1225; x_wconf 88' lang='lat' dir='ltr'>Orestem</span> <span class='ocrx_word' id='word_1_98' title='bbox 1004 1182 1222 1237; x_wconf 47' lang='lat' dir='ltr'>dolosum„</span> <span class='ocrx_word' id='word_1_99' title='bbox 1250 1186 1294 1224; x_wconf 94' lang='lat' dir='ltr'>et</span> <span class='ocrx_word' id='word_1_100' title='bbox 1345 1181 1678 1235; x_wconf 89' lang='lat' dir='ltr'>Neoptolemum</span> 
     </span>
     <span class='ocr_line' id='line_1_15' title="bbox 161 1252 1679 1306; baseline -0.001 -10"><span class='ocrx_word' id='word_1_101' title='bbox 161 1252 320 1296; x_wconf 84' lang='lat' dir='ltr'>fortem</span> <span class='ocrx_word' id='word_1_102' title='bbox 354 1265 401 1296; x_wconf 89' lang='lat' dir='ltr'>se</span> <span class='ocrx_word' id='word_1_103' title='bbox 433 1254 646 1306; x_wconf 81' lang='lat' dir='ltr'>gessisse3</span> <span class='ocrx_word' id='word_1_104' title='bbox 679 1256 910 1306; x_wconf 89' lang='lat' dir='ltr'>praeterea</span> <span class='ocrx_word' id='word_1_105' title='bbox 942 1265 965 1294; x_wconf 94' lang='lat' dir='ltr'>e</span> <span class='ocrx_word' id='word_1_106' title='bbox 987 1253 1117 1295; x_wconf 91' lang='lat' dir='ltr'>rebus</span> <span class='ocrx_word' id='word_1_107' title='bbox 1149 1253 1285 1306; x_wconf 87' lang='lat' dir='ltr'>gestis</span> <span class='ocrx_word' id='word_1_108' title='bbox 1307 1265 1448 1295; x_wconf 89' lang='lat' dir='ltr'>mores</span> <span class='ocrx_word' id='word_1_109' title='bbox 1469 1252 1679 1306; x_wconf 87' lang='lat' dir='ltr'>Apollinis</span> 
     </span>
     <span class='ocr_line' id='line_1_16' title="bbox 163 1322 1679 1378; baseline 0 -12"><span class='ocrx_word' id='word_1_110' title='bbox 163 1324 306 1378; x_wconf 89' lang='lat' dir='ltr'>aperti</span> <span class='ocrx_word' id='word_1_111' title='bbox 353 1322 463 1366; x_wconf 89' lang='lat' dir='ltr'>fiunt</span> <span class='ocrx_word' id='word_1_112' title='bbox 515 1336 622 1377; x_wconf 91' lang='lat' dir='ltr'>quos</span> <span class='ocrx_word' id='word_1_113' title='bbox 668 1324 847 1366; x_wconf 91' lang='lat' dir='ltr'>nuntius</span> <span class='ocrx_word' id='word_1_114' title='bbox 894 1324 988 1377; x_wconf 89' lang='lat' dir='ltr'>ipse</span> <span class='ocrx_word' id='word_1_115' title='bbox 1039 1324 1084 1366; x_wconf 88' lang='lat' dir='ltr'>in</span> <span class='ocrx_word' id='word_1_116' title='bbox 1135 1323 1305 1377; x_wconf 87' lang='lat' dir='ltr'>epilogo</span> <span class='ocrx_word' id='word_1_117' title='bbox 1350 1323 1679 1377; x_wconf 90' lang='lat' dir='ltr'>comprehendit</span> 
     </span>
     <span class='ocr_line' id='line_1_17' title="bbox 166 1394 1676 1448; baseline -0.001 -11"><span class='ocrx_word' id='word_1_118' title='bbox 166 1395 340 1440; x_wconf 81' lang='lat' dir='ltr'>1162s3.</span> <span class='ocrx_word' id='word_1_119' title='bbox 402 1394 611 1437; x_wconf 83' lang='lat' dir='ltr'>Narratio</span> <span class='ocrx_word' id='word_1_120' title='bbox 645 1394 977 1437; x_wconf 89' lang='lat' dir='ltr'>Heraclidarum</span> <span class='ocrx_word' id='word_1_121' title='bbox 1013 1394 1231 1448; x_wconf 88' lang='lat' dir='ltr'>ignaviam</span> <span class='ocrx_word' id='word_1_122' title='bbox 1262 1394 1470 1448; x_wconf 88' lang='lat' dir='ltr'>Eurysthi</span> <span class='ocrx_word' id='word_1_123' title='bbox 1503 1394 1676 1436; x_wconf 92' lang='lat' dir='ltr'>demon-</span> 
     </span>
     <span class='ocr_line' id='line_1_18' title="bbox 160 1464 1677 1517; baseline -0.001 -10"><span class='ocrx_word' id='word_1_124' title='bbox 160 1467 295 1517; x_wconf 88' lang='lat' dir='ltr'>strat,</span> <span class='ocrx_word' id='word_1_125' title='bbox 341 1464 394 1507; x_wconf 90' lang='lat' dir='ltr'>de</span> <span class='ocrx_word' id='word_1_126' title='bbox 440 1465 632 1507; x_wconf 89' lang='lat' dir='ltr'>moribus</span> <span class='ocrx_word' id='word_1_127' title='bbox 673 1464 856 1507; x_wconf 86' lang='lat' dir='ltr'>aliorum</span> <span class='ocrx_word' id='word_1_128' title='bbox 897 1477 981 1506; x_wconf 91' lang='lat' dir='ltr'>non</span> <span class='ocrx_word' id='word_1_129' title='bbox 1023 1464 1206 1507; x_wconf 89' lang='lat' dir='ltr'>multum</span> <span class='ocrx_word' id='word_1_130' title='bbox 1249 1464 1548 1517; x_wconf 88' lang='lat' dir='ltr'>comperimus.</span> <span class='ocrx_word' id='word_1_131' title='bbox 1611 1464 1677 1506; x_wconf 87' lang='lat' dir='ltr'>Ex</span> 
     </span>
     <span class='ocr_line' id='line_1_19' title="bbox 158 1533 1678 1578; baseline 0 -1"><span class='ocrx_word' id='word_1_132' title='bbox 158 1533 412 1578; x_wconf 79' lang='lat' dir='ltr'>narratione</span> <span class='ocrx_word' id='word_1_133' title='bbox 452 1534 654 1577; x_wconf 88' lang='lat' dir='ltr'>Herculis</span> <span class='ocrx_word' id='word_1_134' title='bbox 696 1534 801 1576; x_wconf 89' lang='lat' dir='ltr'>nihil</span> <span class='ocrx_word' id='word_1_135' title='bbox 846 1535 899 1577; x_wconf 92' lang='lat' dir='ltr'>de</span> <span class='ocrx_word' id='word_1_136' title='bbox 944 1535 1136 1577; x_wconf 89' lang='lat' dir='ltr'>moribus</span> <span class='ocrx_word' id='word_1_137' title='bbox 1181 1534 1377 1577; x_wconf 85' lang='lat' dir='ltr'>Herculis</span> <span class='ocrx_word' id='word_1_138' title='bbox 1421 1535 1678 1577; x_wconf 77' lang='lat' dir='ltr'>concludere</span> 
     </span>
     <span class='ocr_line' id='line_1_20' title="bbox 158 1599 1674 1659; baseline 0 -12"><span class='ocrx_word' id='word_1_139' title='bbox 158 1616 400 1658; x_wconf 90' lang='lat' dir='ltr'>possumus.</span> <span class='ocrx_word' id='word_1_140' title='bbox 449 1605 498 1648; x_wconf 92' lang='lat' dir='ltr'>In</span> <span class='ocrx_word' id='word_1_141' title='bbox 529 1604 679 1659; x_wconf 86' lang='lat' dir='ltr'>Suppl.</span> <span class='ocrx_word' id='word_1_142' title='bbox 707 1608 876 1647; x_wconf 84' lang='lat'><strong>707—7</strong></span> <span class='ocrx_word' id='word_1_143' title='bbox 887 1608 936 1647; x_wconf 81' lang='grc'>18</span> <span class='ocrx_word' id='word_1_144' title='bbox 968 1605 1119 1647; x_wconf 90' lang='lat' dir='ltr'>laudes</span> <span class='ocrx_word' id='word_1_145' title='bbox 1152 1599 1466 1658; x_wconf 87' lang='lat' dir='ltr'>Demophontis</span> <span class='ocrx_word' id='word_1_146' title='bbox 1498 1606 1674 1659; x_wconf 86' lang='lat' dir='ltr'>longum</span> 
     </span>
     <span class='ocr_line' id='line_1_21' title="bbox 159 1674 1671 1729; baseline -0.001 -11"><span class='ocrx_word' id='word_1_147' title='bbox 159 1674 348 1728; x_wconf 86' lang='lat' dir='ltr'>spatium</span> <span class='ocrx_word' id='word_1_148' title='bbox 381 1675 603 1726; x_wconf 88' lang='lat' dir='ltr'>obtinent;</span> <span class='ocrx_word' id='word_1_149' title='bbox 652 1677 696 1717; x_wconf 89' lang='lat' dir='ltr'>et</span> <span class='ocrx_word' id='word_1_150' title='bbox 739 1675 807 1718; x_wconf 90' lang='lat' dir='ltr'>hic</span> <span class='ocrx_word' id='word_1_151' title='bbox 850 1687 992 1717; x_wconf 87' lang='lat' dir='ltr'>mores</span> <span class='ocrx_word' id='word_1_152' title='bbox 1034 1676 1140 1729; x_wconf 90' lang='lat' dir='ltr'>ipsis</span> <span class='ocrx_word' id='word_1_153' title='bbox 1180 1675 1323 1718; x_wconf 88' lang='lat' dir='ltr'>verbis</span> <span class='ocrx_word' id='word_1_154' title='bbox 1355 1675 1671 1718; x_wconf 88' lang='lat' dir='ltr'>describuntur.</span> 
     </span>
     <span class='ocr_line' id='line_1_22' title="bbox 156 1744 1677 1799; baseline 0.001 -12"><span class='ocrx_word' id='word_1_155' title='bbox 156 1745 206 1787; x_wconf 91' lang='lat' dir='ltr'>In</span> <span class='ocrx_word' id='word_1_156' title='bbox 241 1745 275 1787; x_wconf 89' lang='grc' dir='ltr'>Ι.</span> <span class='ocrx_word' id='word_1_157' title='bbox 299 1744 348 1787; x_wconf 91' lang='lat' dir='ltr'>T.</span> <span class='ocrx_word' id='word_1_158' title='bbox 380 1745 526 1798; x_wconf 88' lang='lat' dir='ltr'>priore</span> <span class='ocrx_word' id='word_1_159' title='bbox 567 1745 719 1787; x_wconf 87' lang='lat' dir='ltr'>nuntio</span> <span class='ocrx_word' id='word_1_160' title='bbox 764 1748 809 1787; x_wconf 91' lang='lat' dir='ltr'>et</span> <span class='ocrx_word' id='word_1_161' title='bbox 844 1758 987 1788; x_wconf 88' lang='lat' dir='ltr'>mores</span> <span class='ocrx_word' id='word_1_162' title='bbox 1028 1745 1295 1799; x_wconf 88' lang='lat' dir='ltr'>singulorum</span> <span class='ocrx_word' id='word_1_163' title='bbox 1337 1749 1562 1799; x_wconf 88' lang='lat' dir='ltr'>pastorum</span> <span class='ocrx_word' id='word_1_164' title='bbox 1603 1746 1677 1799; x_wconf 86' lang='lat' dir='ltr'>qui</span> 
     </span>
     <span class='ocr_line' id='line_1_23' title="bbox 155 1814 1656 1870; baseline 0 -12"><span class='ocrx_word' id='word_1_165' title='bbox 155 1814 263 1869; x_wconf 87' lang='lat' dir='ltr'>ipsis</span> <span class='ocrx_word' id='word_1_166' title='bbox 307 1816 452 1859; x_wconf 86' lang='lat' dir='ltr'>verbis</span> <span class='ocrx_word' id='word_1_167' title='bbox 485 1816 786 1869; x_wconf 87' lang='lat' dir='ltr'>exprimuntur</span> <span class='ocrx_word' id='word_1_168' title='bbox 830 1819 875 1858; x_wconf 91' lang='lat' dir='ltr'>et</span> <span class='ocrx_word' id='word_1_169' title='bbox 918 1815 1046 1858; x_wconf 90' lang='lat' dir='ltr'>fidem</span> <span class='ocrx_word' id='word_1_170' title='bbox 1093 1816 1326 1859; x_wconf 84' lang='lat' dir='ltr'>amicorum</span> <span class='ocrx_word' id='word_1_171' title='bbox 1359 1816 1656 1870; x_wconf 85' lang='lat' dir='ltr'>cognoscimus</span> 
     </span>
     <span class='ocr_line' id='line_1_24' title="bbox 155 1885 1669 1939; baseline 0.001 -12"><span class='ocrx_word' id='word_1_172' title='bbox 155 1885 206 1928; x_wconf 91' lang='lat' dir='ltr'>In</span> <span class='ocrx_word' id='word_1_173' title='bbox 235 1885 301 1928; x_wconf 87' lang='lat' dir='ltr'>El.</span> <span class='ocrx_word' id='word_1_174' title='bbox 336 1888 567 1929; x_wconf 85' lang='lat'>775—780</span> <span class='ocrx_word' id='word_1_175' title='bbox 602 1886 856 1939; x_wconf 89' lang='lat' dir='ltr'>Aegisthum</span> <span class='ocrx_word' id='word_1_176' title='bbox 900 1886 1098 1928; x_wconf 91' lang='lat' dir='ltr'>timidum</span> <span class='ocrx_word' id='word_1_177' title='bbox 1141 1890 1186 1929; x_wconf 88' lang='lat' dir='ltr'>et</span> <span class='ocrx_word' id='word_1_178' title='bbox 1227 1886 1426 1929; x_wconf 88' lang='lat' dir='ltr'>Orestem</span> <span class='ocrx_word' id='word_1_179' title='bbox 1471 1887 1669 1930; x_wconf 85' lang='lat' dir='ltr'>dolosum</span> 
     </span>
     <span class='ocr_line' id='line_1_25' title="bbox 156 1955 1665 2000; baseline 0.001 -2"><span class='ocrx_word' id='word_1_180' title='bbox 156 1955 366 1999; x_wconf 84' lang='lat' dir='ltr'>videmus.</span> <span class='ocrx_word' id='word_1_181' title='bbox 427 1956 570 1999; x_wconf 89' lang='lat' dir='ltr'>Etiam</span> <span class='ocrx_word' id='word_1_182' title='bbox 603 1956 646 1998; x_wconf 91' lang='lat' dir='ltr'>in</span> <span class='ocrx_word' id='word_1_183' title='bbox 681 1956 775 1999; x_wconf 92' lang='lat' dir='ltr'>Hel.</span> <span class='ocrx_word' id='word_1_184' title='bbox 813 1959 1099 1999; x_wconf 77' lang='lat' dir='ltr'>1526—1ssls</span> <span class='ocrx_word' id='word_1_185' title='bbox 1134 1956 1288 1999; x_wconf 87' lang='lat' dir='ltr'>Graeci</span> <span class='ocrx_word' id='word_1_186' title='bbox 1321 1957 1458 2000; x_wconf 90' lang='lat' dir='ltr'>dolosi</span> <span class='ocrx_word' id='word_1_187' title='bbox 1479 1962 1543 2000; x_wconf 21' lang='lat' dir='ltr'>*et</span> <span class='ocrx_word' id='word_1_188' title='bbox 1575 1958 1665 2000; x_wconf 91' lang='lat' dir='ltr'>vio-</span> 
     </span>
     <span class='ocr_line' id='line_1_26' title="bbox 156 2025 1663 2081; baseline 0.001 -12"><span class='ocrx_word' id='word_1_189' title='bbox 156 2026 264 2069; x_wconf 88' lang='lat' dir='ltr'>lenti</span> <span class='ocrx_word' id='word_1_190' title='bbox 294 2025 416 2081; x_wconf 90' lang='lat' dir='ltr'>(item</span> <span class='ocrx_word' id='word_1_191' title='bbox 447 2027 491 2069; x_wconf 91' lang='lat' dir='ltr'>in</span> <span class='ocrx_word' id='word_1_192' title='bbox 523 2026 661 2069; x_wconf 90' lang='lat' dir='ltr'>altero</span> <span class='ocrx_word' id='word_1_193' title='bbox 693 2026 844 2069; x_wconf 90' lang='lat' dir='ltr'>nuntio</span> <span class='ocrx_word' id='word_1_194' title='bbox 867 2026 1120 2080; x_wconf 86' lang='lat' dir='ltr'>Iphigeniae</span> <span class='ocrx_word' id='word_1_195' title='bbox 1142 2027 1382 2081; x_wconf 85' lang='lat' dir='ltr'>Tauricae).</span> <span class='ocrx_word' id='word_1_196' title='bbox 1430 2027 1479 2068; x_wconf 89' lang='lat' dir='ltr'>In</span> <span class='ocrx_word' id='word_1_197' title='bbox 1501 2027 1663 2070; x_wconf 90' lang='lat' dir='ltr'>Phoen.</span> 
     </span>
     <span class='ocr_line' id='line_1_27' title="bbox 156 2096 1663 2140; baseline 0 -1"><span class='ocrx_word' id='word_1_198' title='bbox 156 2096 334 2139; x_wconf 90' lang='lat' dir='ltr'>nuntius</span> <span class='ocrx_word' id='word_1_199' title='bbox 365 2096 558 2140; x_wconf 89' lang='lat' dir='ltr'>habitum</span> <span class='ocrx_word' id='word_1_200' title='bbox 592 2097 745 2138; x_wconf 88' lang='lat' dir='ltr'>ducum</span> <span class='ocrx_word' id='word_1_201' title='bbox 778 2098 840 2139; x_wconf 86' lang='lat' dir='ltr'>ita</span> <span class='ocrx_word' id='word_1_202' title='bbox 871 2097 1076 2139; x_wconf 89' lang='lat' dir='ltr'>describit</span> <span class='ocrx_word' id='word_1_203' title='bbox 1108 2100 1156 2138; x_wconf 93' lang='lat' dir='ltr'>ut</span> <span class='ocrx_word' id='word_1_204' title='bbox 1199 2096 1258 2138; x_wconf 93' lang='lat' dir='ltr'>nil</span> <span class='ocrx_word' id='word_1_205' title='bbox 1290 2097 1343 2138; x_wconf 91' lang='lat' dir='ltr'>de</span> <span class='ocrx_word' id='word_1_206' title='bbox 1376 2097 1566 2139; x_wconf 91' lang='lat' dir='ltr'>moribus</span> <span class='ocrx_word' id='word_1_207' title='bbox 1599 2110 1663 2139; x_wconf 90' lang='lat' dir='ltr'>se-</span> 
     </span>
     <span class='ocr_line' id='line_1_28' title="bbox 159 2166 1676 2220; baseline 0.002 -13"><span class='ocrx_word' id='word_1_208' title='bbox 159 2169 340 2219; x_wconf 80' lang='lat' dir='ltr'>quatur3</span> <span class='ocrx_word' id='word_1_209' title='bbox 388 2179 427 2208; x_wconf 90' lang='lat' dir='ltr'>v.</span> <span class='ocrx_word' id='word_1_210' title='bbox 464 2170 576 2208; x_wconf 87' lang='lat'>1134</span> <span class='ocrx_word' id='word_1_211' title='bbox 625 2166 715 2209; x_wconf 91' lang='lat' dir='ltr'>solo</span> <span class='ocrx_word' id='word_1_212' title='bbox 759 2167 803 2208; x_wconf 92' lang='lat' dir='ltr'>in</span> <span class='ocrx_word' id='word_1_213' title='bbox 843 2169 965 2208; x_wconf 89' lang='lat' dir='ltr'>scuto</span> <span class='ocrx_word' id='word_1_214' title='bbox 1011 2166 1191 2208; x_wconf 89' lang='lat' dir='ltr'>Adrasti</span> <span class='ocrx_word' id='word_1_215' title='bbox 1236 2166 1510 2220; x_wconf 88' lang='lat' dir='ltr'>depingendo</span> <span class='ocrx_word' id='word_1_216' title='bbox 1554 2167 1676 2211; x_wconf 86' lang='lat' dir='ltr'>addit</span> 
     </span>
     <span class='ocr_line' id='line_1_29' title="bbox 154 2234 1677 2290; baseline 0.001 -13"><span class='ocrx_word' id='word_1_217' title='bbox 154 2234 357 2289; x_wconf 79' lang='grc' dir='ltr'><em>Ἀργεῖον</em></span> <span class='ocrx_word' id='word_1_218' title='bbox 397 2235 575 2290; x_wconf 78' lang='grc' dir='ltr'><em>αὔχημα</em></span> <span class='ocrx_word' id='word_1_219' title='bbox 590 2235 635 2290; x_wconf 82' lang='lat'>²).</span> <span class='ocrx_word' id='word_1_220' title='bbox 696 2235 746 2277; x_wconf 92' lang='lat' dir='ltr'>In</span> <span class='ocrx_word' id='word_1_221' title='bbox 788 2235 945 2279; x_wconf 88' lang='lat' dir='ltr'>Oreste</span> <span class='ocrx_word' id='word_1_222' title='bbox 978 2239 1210 2278; x_wconf 81' lang='grc'>866-956</span> <span class='ocrx_word' id='word_1_223' title='bbox 1253 2249 1394 2279; x_wconf 90' lang='lat' dir='ltr'>mores</span> <span class='ocrx_word' id='word_1_224' title='bbox 1439 2237 1571 2279; x_wconf 89' lang='lat' dir='ltr'>trium</span> <span class='ocrx_word' id='word_1_225' title='bbox 1602 2237 1677 2279; x_wconf 91' lang='lat' dir='ltr'>ho·</span> 
     </span>
     <span class='ocr_line' id='line_1_30' title="bbox 159 2305 1678 2360; baseline 0.001 -12"><span class='ocrx_word' id='word_1_226' title='bbox 159 2306 323 2348; x_wconf 89' lang='lat' dir='ltr'>minum</span> <span class='ocrx_word' id='word_1_227' title='bbox 357 2306 463 2360; x_wconf 91' lang='lat' dir='ltr'>ipsis</span> <span class='ocrx_word' id='word_1_228' title='bbox 496 2306 640 2348; x_wconf 89' lang='lat' dir='ltr'>verbis</span> <span class='ocrx_word' id='word_1_229' title='bbox 675 2305 995 2348; x_wconf 89' lang='lat' dir='ltr'>describuntur.</span> <span class='ocrx_word' id='word_1_230' title='bbox 1047 2306 1097 2348; x_wconf 93' lang='lat' dir='ltr'>In</span> <span class='ocrx_word' id='word_1_231' title='bbox 1120 2305 1386 2349; x_wconf 88' lang='lat' dir='ltr'>Baccharum</span> <span class='ocrx_word' id='word_1_232' title='bbox 1410 2307 1548 2350; x_wconf 89' lang='lat' dir='ltr'>altera</span> <span class='ocrx_word' id='word_1_233' title='bbox 1580 2320 1678 2350; x_wconf 87' lang='lat' dir='ltr'>nar-</span> 
     </span>
    </p>
   </div>
   <div class='ocr_carea' id='block_1_4' title="bbox 169 2400 444 2409">
    <p class='ocr_par' dir='ltr' id='par_1_4' title="bbox 169 2400 444 2409">
     <span class='ocr_line' id='line_1_31' title="bbox 169 2400 444 2409; baseline 0 0"><span class='ocrx_word' id='word_1_234' title='bbox 169 2400 444 2409; x_wconf 95' lang='lat' dir='ltr'> </span> 
     </span>
    </p>
   </div>
   <div class='ocr_carea' id='block_1_5' title="bbox 285 2459 1675 2506">
    <p class='ocr_par' dir='ltr' id='par_1_5' title="bbox 285 2459 1675 2506">
     <span class='ocr_line' id='line_1_32' title="bbox 285 2459 1675 2506; baseline 0 -12"><span class='ocrx_word' id='word_1_235' title='bbox 285 2460 321 2505; x_wconf 89' lang='lat'>1)</span> <span class='ocrx_word' id='word_1_236' title='bbox 357 2459 407 2496; x_wconf 86' lang='lat' dir='ltr'>Ut</span> <span class='ocrx_word' id='word_1_237' title='bbox 442 2460 479 2495; x_wconf 92' lang='lat' dir='ltr'>in</span> <span class='ocrx_word' id='word_1_238' title='bbox 518 2460 688 2504; x_wconf 88' lang='lat' dir='ltr'>Hercule,</span> <span class='ocrx_word' id='word_1_239' title='bbox 728 2460 780 2496; x_wconf 91' lang='lat' dir='ltr'>sic</span> <span class='ocrx_word' id='word_1_240' title='bbox 816 2459 927 2495; x_wconf 84' lang='lat' dir='ltr'>etiam</span> <span class='ocrx_word' id='word_1_241' title='bbox 964 2460 1032 2495; x_wconf 90' lang='lat' dir='ltr'>hoc</span> <span class='ocrx_word' id='word_1_242' title='bbox 1078 2460 1159 2494; x_wconf 92' lang='lat' dir='ltr'>loco</span> <span class='ocrx_word' id='word_1_243' title='bbox 1194 2460 1314 2505; x_wconf 88' lang='lat' dir='ltr'>imago</span> <span class='ocrx_word' id='word_1_244' title='bbox 1356 2461 1458 2506; x_wconf 88' lang='lat' dir='ltr'>pacis</span> <span class='ocrx_word' id='word_1_245' title='bbox 1503 2465 1539 2496; x_wconf 82' lang='lat' dir='ltr'>et</span> <span class='ocrx_word' id='word_1_246' title='bbox 1578 2466 1675 2495; x_wconf 82' lang='lat' dir='ltr'>tran-</span> 
     </span>
    </p>
   </div>
   <div class='ocr_carea' id='block_1_6' title="bbox 83 2518 1165 2569">
    <p class='ocr_par' dir='ltr' id='par_1_6' title="bbox 83 2518 1165 2569">
     <span class='ocr_line' id='line_1_33' title="bbox 83 2518 1165 2569; baseline 0.002 -16"><span class='ocrx_word' id='word_1_247' title='bbox 83 2565 87 2569; x_wconf 21' lang='lat'><em>*</em></span> <span class='ocrx_word' id='word_1_248' title='bbox 161 2518 357 2563; x_wconf 81' lang='lat' dir='ltr'>quillitatis</span> <span class='ocrx_word' id='word_1_249' title='bbox 383 2520 646 2565; x_wconf 86' lang='lat' dir='ltr'>catastrophae</span> <span class='ocrx_word' id='word_1_250' title='bbox 661 2519 937 2555; x_wconf 51' lang='lat' dir='ltr'>*describendae</span> <span class='ocrx_word' id='word_1_251' title='bbox 964 2518 1165 2564; x_wconf 88' lang='lat' dir='ltr'>praecedit.</span> 
     </span>
    </p>
   </div>
   <div class='ocr_carea' id='block_1_7' title="bbox 155 2578 1678 2980">
    <p class='ocr_par' dir='ltr' id='par_1_7' title="bbox 155 2578 1678 2980">
     <span class='ocr_line' id='line_1_34' title="bbox 231 2578 1678 2625; baseline -0.001 -11"><span class='ocrx_word' id='word_1_252' title='bbox 231 2581 234 2582; x_wconf 69' lang='grc'>’</span> <span class='ocrx_word' id='word_1_253' title='bbox 281 2579 320 2625; x_wconf 88' lang='grc'>2)</span> <span class='ocrx_word' id='word_1_254' title='bbox 345 2579 414 2614; x_wconf 86' lang='lat' dir='ltr'>hoc</span> <span class='ocrx_word' id='word_1_255' title='bbox 441 2578 486 2615; x_wconf 88' lang='lat' dir='ltr'>de</span> <span class='ocrx_word' id='word_1_256' title='bbox 513 2579 680 2615; x_wconf 91' lang='lat' dir='ltr'>omnibus</span> <span class='ocrx_word' id='word_1_257' title='bbox 707 2579 852 2625; x_wconf 87' lang='lat' dir='ltr'>Argivis</span> <span class='ocrx_word' id='word_1_258' title='bbox 879 2579 1014 2614; x_wconf 89' lang='lat' dir='ltr'>dicitur</span> <span class='ocrx_word' id='word_1_259' title='bbox 1042 2579 1103 2622; x_wconf 84' lang='lat' dir='ltr'>qui</span> <span class='ocrx_word' id='word_1_260' title='bbox 1131 2579 1216 2614; x_wconf 92' lang='lat' dir='ltr'>olim</span> <span class='ocrx_word' id='word_1_261' title='bbox 1243 2580 1470 2624; x_wconf 87' lang='lat' dir='ltr'>temporibus</span> <span class='ocrx_word' id='word_1_262' title='bbox 1490 2581 1678 2622; x_wconf 86' lang='lat' dir='ltr'>Agamem-</span> 
     </span>
     <span class='ocr_line' id='line_1_35' title="bbox 160 2638 1677 2684; baseline 0 -10"><span class='ocrx_word' id='word_1_263' title='bbox 160 2639 265 2674; x_wconf 84' lang='lat' dir='ltr'>nonis</span> <span class='ocrx_word' id='word_1_264' title='bbox 292 2643 462 2683; x_wconf 82' lang='lat' dir='ltr'>potentes</span> <span class='ocrx_word' id='word_1_265' title='bbox 489 2650 634 2684; x_wconf 87' lang='lat' dir='ltr'>semper</span> <span class='ocrx_word' id='word_1_266' title='bbox 654 2639 876 2674; x_wconf 78' lang='lat' dir='ltr'>studuerunt</span> <span class='ocrx_word' id='word_1_267' title='bbox 902 2640 996 2674; x_wconf 89' lang='lat' dir='ltr'>hanc</span> <span class='ocrx_word' id='word_1_268' title='bbox 1023 2642 1244 2684; x_wconf 80' lang='lat' dir='ltr'>potestatem</span> <span class='ocrx_word' id='word_1_269' title='bbox 1263 2649 1484 2683; x_wconf 87' lang='lat' dir='ltr'>recuperare</span> <span class='ocrx_word' id='word_1_270' title='bbox 1510 2642 1547 2673; x_wconf 86' lang='lat' dir='ltr'>et</span> <span class='ocrx_word' id='word_1_271' title='bbox 1566 2638 1677 2674; x_wconf 88' lang='lat' dir='ltr'>Lace-</span> 
     </span>
     <span class='ocr_line' id='line_1_36' title="bbox 155 2697 1676 2742; baseline 0.001 -11"><span class='ocrx_word' id='word_1_272' title='bbox 155 2697 374 2732; x_wconf 83' lang='lat' dir='ltr'>daemonios</span> <span class='ocrx_word' id='word_1_273' title='bbox 408 2697 627 2741; x_wconf 86' lang='lat' dir='ltr'>opprimere.</span> <span class='ocrx_word' id='word_1_274' title='bbox 688 2697 733 2731; x_wconf 89' lang='lat' dir='ltr'>cf.</span> <span class='ocrx_word' id='word_1_275' title='bbox 761 2698 880 2733; x_wconf 84' lang='lat' dir='ltr'>Cauer</span> <span class='ocrx_word' id='word_1_276' title='bbox 915 2699 952 2732; x_wconf 90' lang='lat' dir='ltr'>in</span> <span class='ocrx_word' id='word_1_277' title='bbox 990 2697 1306 2742; x_wconf 86' lang='lat' dir='ltr'>Pauly-Wissowa</span> <span class='ocrx_word' id='word_1_278' title='bbox 1332 2697 1375 2732; x_wconf 88' lang='lat' dir='ltr'>R.</span> <span class='ocrx_word' id='word_1_279' title='bbox 1403 2698 1446 2732; x_wconf 89' lang='lat' dir='ltr'>E.</span> <span class='ocrx_word' id='word_1_280' title='bbox 1486 2698 1554 2733; x_wconf 88' lang='lat' dir='ltr'>sub</span> <span class='ocrx_word' id='word_1_281' title='bbox 1590 2708 1676 2733; x_wconf 92' lang='lat' dir='ltr'>voce</span> 
     </span>
     <span class='ocr_line' id='line_1_37' title="bbox 162 2754 1677 2802; baseline 0.001 -12"><span class='ocrx_word' id='word_1_282' title='bbox 162 2755 321 2801; x_wconf 82' lang='lat' dir='ltr'>Argolis.</span> <span class='ocrx_word' id='word_1_283' title='bbox 372 2754 570 2800; x_wconf 84' lang='lat' dir='ltr'>Eun&#39;pides</span> <span class='ocrx_word' id='word_1_284' title='bbox 607 2756 721 2800; x_wconf 84' lang='lat' dir='ltr'>igitur</span> <span class='ocrx_word' id='word_1_285' title='bbox 747 2755 893 2791; x_wconf 83' lang='lat' dir='ltr'>dubitat</span> <span class='ocrx_word' id='word_1_286' title='bbox 928 2767 975 2792; x_wconf 87' lang='lat' dir='ltr'>an</span> <span class='ocrx_word' id='word_1_287' title='bbox 1014 2757 1141 2801; x_wconf 76' lang='lat' dir='ltr'>Argivi</span> <span class='ocrx_word' id='word_1_288' title='bbox 1175 2757 1243 2791; x_wconf 89' lang='lat' dir='ltr'>hoc</span> <span class='ocrx_word' id='word_1_289' title='bbox 1281 2757 1472 2802; x_wconf 87' lang='lat' dir='ltr'>imperium</span> <span class='ocrx_word' id='word_1_290' title='bbox 1509 2757 1547 2792; x_wconf 90' lang='lat' dir='ltr'>in</span> <span class='ocrx_word' id='word_1_291' title='bbox 1572 2757 1677 2792; x_wconf 91' lang='lat' dir='ltr'>Pelo-</span> 
     </span>
     <span class='ocr_line' id='line_1_38' title="bbox 161 2815 1674 2861; baseline 0 -10"><span class='ocrx_word' id='word_1_292' title='bbox 161 2825 325 2860; x_wconf 87' lang='lat' dir='ltr'>ponneso</span> <span class='ocrx_word' id='word_1_293' title='bbox 347 2819 423 2850; x_wconf 86' lang='lat' dir='ltr'>tam</span> <span class='ocrx_word' id='word_1_294' title='bbox 446 2825 615 2860; x_wconf 85' lang='lat' dir='ltr'>magnum</span> <span class='ocrx_word' id='word_1_295' title='bbox 640 2815 836 2850; x_wconf 85' lang='lat' dir='ltr'>habuerint</span> <span class='ocrx_word' id='word_1_296' title='bbox 863 2820 900 2851; x_wconf 87' lang='lat' dir='ltr'>et</span> <span class='ocrx_word' id='word_1_297' title='bbox 926 2820 1050 2852; x_wconf 84' lang='lat' dir='ltr'>censet</span> <span class='ocrx_word' id='word_1_298' title='bbox 1079 2827 1141 2851; x_wconf 89' lang='lat' dir='ltr'>eos</span> <span class='ocrx_word' id='word_1_299' title='bbox 1168 2827 1239 2851; x_wconf 93' lang='lat' dir='ltr'>non</span> <span class='ocrx_word' id='word_1_300' title='bbox 1267 2816 1346 2852; x_wconf 85' lang='lat' dir='ltr'>iure</span> <span class='ocrx_word' id='word_1_301' title='bbox 1371 2815 1418 2852; x_wconf 89' lang='lat' dir='ltr'>de</span> <span class='ocrx_word' id='word_1_302' title='bbox 1443 2817 1512 2852; x_wconf 87' lang='lat' dir='ltr'>hac</span> <span class='ocrx_word' id='word_1_303' title='bbox 1538 2828 1578 2852; x_wconf 89' lang='lat' dir='ltr'>re</span> <span class='ocrx_word' id='word_1_304' title='bbox 1596 2818 1674 2861; x_wconf 86' lang='lat' dir='ltr'>glo-</span> 
     </span>
     <span class='ocr_line' id='line_1_39' title="bbox 161 2874 1672 2921; baseline 0.001 -11"><span class='ocrx_word' id='word_1_305' title='bbox 161 2874 263 2910; x_wconf 81' lang='lat' dir='ltr'>riari.</span> <span class='ocrx_word' id='word_1_306' title='bbox 300 2874 390 2910; x_wconf 86' lang='lat' dir='ltr'>Item</span> <span class='ocrx_word' id='word_1_307' title='bbox 427 2875 592 2919; x_wconf 87' lang='lat' dir='ltr'>aequalis</span> <span class='ocrx_word' id='word_1_308' title='bbox 632 2874 863 2920; x_wconf 83' lang='lat' dir='ltr'>Thucydides</span> <span class='ocrx_word' id='word_1_309' title='bbox 890 2875 917 2910; x_wconf 92' lang='lat'>1.</span> <span class='ocrx_word' id='word_1_310' title='bbox 946 2878 967 2909; x_wconf 83' lang='lat'>9</span> <span class='ocrx_word' id='word_1_311' title='bbox 1004 2879 1040 2910; x_wconf 83' lang='lat' dir='ltr'>et</span> <span class='ocrx_word' id='word_1_312' title='bbox 1078 2878 1121 2909; x_wconf 85' lang='lat'>10</span> <span class='ocrx_word' id='word_1_313' title='bbox 1159 2874 1203 2910; x_wconf 91' lang='lat' dir='ltr'>de</span> <span class='ocrx_word' id='word_1_314' title='bbox 1238 2876 1405 2921; x_wconf 84' lang='lat' dir='ltr'>potentia.</span> <span class='ocrx_word' id='word_1_315' title='bbox 1440 2887 1549 2920; x_wconf 87' lang='lat' dir='ltr'>quam</span> <span class='ocrx_word' id='word_1_316' title='bbox 1585 2882 1672 2911; x_wconf 80' lang='lat' dir='ltr'>tein-</span> 
     </span>
     <span class='ocr_line' id='line_1_40' title="bbox 162 2934 1497 2980; baseline 0.001 -10"><span class='ocrx_word' id='word_1_317' title='bbox 162 2934 315 2979; x_wconf 86' lang='lat' dir='ltr'>poribus</span> <span class='ocrx_word' id='word_1_318' title='bbox 351 2935 637 2980; x_wconf 89' lang='lat' dir='ltr'>Agamemnonis</span> <span class='ocrx_word' id='word_1_319' title='bbox 665 2945 703 2970; x_wconf 91' lang='lat' dir='ltr'>se</span> <span class='ocrx_word' id='word_1_320' title='bbox 731 2934 903 2970; x_wconf 84' lang='lat' dir='ltr'>habuisse</span> <span class='ocrx_word' id='word_1_321' title='bbox 929 2935 1057 2980; x_wconf 89' lang='lat' dir='ltr'>Argivi</span> <span class='ocrx_word' id='word_1_322' title='bbox 1083 2935 1323 2980; x_wconf 66' lang='lat' dir='ltr'>metaverant,</span> <span class='ocrx_word' id='word_1_323' title='bbox 1348 2935 1497 2973; x_wconf 86' lang='lat' dir='ltr'>iudicat.</span> 
     </span>
    </p>
   </div>
   <div class='ocr_carea' id='block_1_8' title="bbox 1334 2999 1393 3040">
    <p class='ocr_par' dir='ltr' id='par_1_8' title="bbox 1334 2999 1393 3040">
     <span class='ocr_line' id='line_1_41' title="bbox 1334 2999 1393 3040; baseline 0 -18"><span class='ocrx_word' id='word_1_324' title='bbox 1334 2999 1393 3040; x_wconf 78' lang='lat'>3*</span> 
     </span>
    </p>
   </div>
  </div>
 </body>
</html>
