1950 3308
964 297 1251 336 -22-

363 407 596 459 conferunt,
632 409 783 450 deinde
816 409 981 460 equites
1013 407 1084 461 qui
1116 420 1306 462 pugnam
1337 421 1536 453 curruum
1562 412 1721 466 vident,
1753 427 1854 468 pro-

361 481 575 530 rumpunt
619 490 698 518 non
732 478 772 517 in
805 489 1002 518 curruum
1039 477 1243 520 auxilium
1275 482 1323 521 ut
1354 474 1703 526 Wilamowitzius
1735 484 1851 536 dicit,

361 547 435 590 sed
466 546 546 599 ipsi
578 547 688 587 inter
720 558 765 587 se
796 551 990 599 pugnant
1022 546 1072 588 cf.
1107 560 1151 589 v,
1175 551 1257 591 684
1289 555 1496 603 συνῆψαν
1527 549 1666 606 ἀλκὴν
1691 551 1852 608 κάκρά-

360 631 467 658 τουν
498 615 696 668 ησσῶντό
728 631 784 657 τε.
847 615 1094 669 Sequuntur
1125 629 1297 660 vei-:sus

531 685 733 726 λεύσσων
765 683 814 727 δὲ
843 692 980 728 ταῦτα
1010 686 1042 728 κ’
1081 686 1134 728 οὐ
1165 688 1325 730 κλύων.
1368 688 1457 731 ἐκεῖ
1487 690 1570 744 γὰρ
1603 686 1658 745 ἦν

531 751 626 794 ἐνθ’
660 753 812 808 ἅρματ’
844 755 1077 810 ἠγωνίζεθ’
1109 756 1188 798 οἵτ’
1221 756 1470 813 ἐπεμβάται.
1860 801 1862 803 ,

359 821 562 865 Versibus
605 824 928 877 insequentibus
971 826 1116 879 agitur
1155 827 1208 868 de
1239 840 1384 880 pugna
1428 841 1642 880 curruum,
1687 831 1850 874 nullum

357 891 531 933 verbum
562 892 614 934 de
645 894 873 946 equitibus.
938 895 1123 937 Verbum
1165 902 1301 938 ταῦτα
1333 901 1476 940 autem
1508 899 1564 941 ad
1594 900 1711 943 illam
1740 913 1849 955 pug-

356 973 454 1002 narn
485 961 637 1003 referri
681 975 763 1004 non
795 966 952 1016 potest,
996 965 1071 1014 sed
1103 965 1138 1007 si
1171 966 1303 1008 verba
1334 970 1382 1008 ut
1412 966 1551 1010 fluunt
1580 968 1765 1022 legimus
1787 970 1848 1014 nd

356 1042 544 1082 pugnam
577 1031 767 1085 equitum
808 1034 1146 1076 antecedentem.
1210 1035 1413 1079 Versibus
1446 1036 1577 1092 684s5
1609 1037 1744 1091 igitur
1768 1037 1850 1082 alia

356 1100 455 1152 quid
499 1100 693 1153 ineptum
736 1103 848 1144 inest
891 1104 1002 1156 quod
1047 1104 1223 1146 nuntius
1267 1105 1390 1147 dicit:
1435 1118 1623 1160 pugnam
1655 1107 1847 1161 equitum

355 1161 455 1211 vidi'
482 1169 672 1223 (λεύσσω
713 1169 761 1213 δὲ
791 1171 957 1226 ταῦτα),
1000 1186 1093 1215 cum
1138 1186 1187 1216 eo
1219 1175 1310 1216 loco
1342 1176 1536 1219 steterim
1569 1189 1652 1230 quo
1683 1189 1845 1221 currus¹

354 1238 520 1281 Deinde
551 1241 587 1282 si
619 1241 793 1284 nuntius
826 1255 890 1284 vv.
925 1244 1055 1297 684s5
1103 1256 1291 1297 pugnam
1323 1257 1524 1288 curruum
1554 1248 1845 1302 praeparavit,

354 1320 392 1349 v.
427 1311 509 1350 686
541 1308 662 1351 τάκεῖ
693 1323 776 1352 non
813 1311 1092 1365 intellegitur,
1131 1314 1207 1356 sed
1238 1318 1515 1367 expectamus
1545 1328 1625 1369 pro
1653 1315 1746 1359 ἐκεῖ
1774 1323 1846 1361 ‘vo-

353 1389 442 1419 cem
487 1375 623 1420 ἔνθεν
666 1380 731 1421 vel
776 1379 992 1433 ἐνταῦθας
1037 1395 1132 1424 nam
1179 1382 1268 1425 ἐκεῖ
1297 1385 1350 1426 ad
1383 1397 1474 1427 rem
1506 1397 1636 1438 supra
1667 1397 1847 1429 comme-

352 1450 560 1489 moratam
603 1449 729 1491 redit.
791 1450 913 1492 Hanc
953 1451 1246 1494 inconcinnam
1287 1454 1574 1497 condicionem
1618 1455 1884 1498 verborum·

352 1516 564 1559 solvemus
609 1519 802 1562 versibus
836 1522 966 1571 6842‘5
1012 1522 1177 1564 deletis.
1239 1522 1298 1565 Hi
1331 1532 1480 1566 versus
1523 1524 1699 1578 ascripti
1730 1529 1843 1575 sunt,

351 1589 398 1630 ut
429 1587 606 1630 verbum
647 1587 767 1630 τάκεῖ
811 1590 1088 1643 explicarent,
1135 1592 1209 1634 sed
1243 1604 1345 1635 voce
1389 1592 1478 1635 ἐκεῖ
1508 1606 1618 1647 quae
1649 1593 1722 1636 illo
1753 1593 1845 1636 loco

348 1657 575 1712 significat,
619 1659 703 1701 iam
737 1659 841 1702 satis
878 1665 1077 1713 apertum
1110 1660 1158 1703 fit
1190 1662 1385 1704 nuntium
1418 1675 1443 1704 a
1474 1675 1620 1716 pugna
1651 1662 1843 1716 equitum

351 1730 403 1771 ad
452 1742 602 1771 currus
648 1729 801 1771 redire.
865 1729 996 1771 Simul
1044 1730 1080 1772 is
1127 1731 1199 1783 qui
1246 1743 1395 1773 versus
1428 1731 1560 1786 684s5
1606 1733 1845 1786 composuit

351 1798 534 1841 fortasse
566 1799 811 1841 observavit
841 1800 884 1840 in
907 1800 1195 1852 descriptione
1221 1801 1475 1854 insequente
1496 1802 1601 1844 nihil
1624 1803 1676 1844 de
1697 1791 1843 1855 pugna

352 1869 543 1921 equitum
576 1869 656 1909 dici
688 1872 732 1910 et
765 1881 934 1911 causam
967 1869 1099 1911 affere
1130 1869 1265 1911 voluit
1296 1883 1372 1912 cur
1405 1871 1580 1913 nuntius
1612 1871 1664 1913 de
1686 1883 1738 1913 ea
1758 1879 1842 1914 non

351 1939 447 1991 plus
491 1937 653 1980 referre
696 1942 855 1991 posset.
919 1938 1013 1989 ,Sed
1062 1951 1154 1980 eam
1200 1939 1339 1992 legem
1389 1940 1665 1993 Euripideam
1711 1953 1842 1994 supra

351 2007 628 2048 constitutam
671 2020 754 2049 non
798 2007 937 2049 novit:
982 2020 1080 2049 nam
1126 2009 1336 2061 quomodo
1380 2009 1554 2050 nuntius
1602 2010 1654 2051 de
1697 2022 1842 2063 pugna

353 2076 541 2129 equitum
575 2089 640 2117 vv.
674 2080 900 2118 680—683
934 2089 1110 2118 narrare
1142 2078 1296 2130 potuit,
1329 2078 1410 2119 nisi
1442 2090 1535 2120 eam
1568 2077 1706 2122 vidit?

467 2146 645 2188 Poetam
678 2142 820 2188 autem
853 2147 895 2188 id
928 2150 1028 2188 ante
1060 2147 1200 2188 omnia
1233 2153 1281 2189 ut
1302 2139 1567 2193 nuntiusres
1589 2151 1841 2201 conspectas

352 2215 463 2257 solas
496 2219 693 2258 narraret
724 2229 895 2258 curasse
911 2214 941 2271 ¹)
974 2228 1123 2259 versus
1155 2216 1314 2259 Phoen.
1342 2220 1637 2263 1139—1140.
1657 2217 1840 2271 probare

353 2284 573 2326 videntur:
1021 2328 1023 2330 ,

526 2359 671 2407 παρῆν
703 2351 889 2394 ἑκάστου
919 2352 1062 2393 τῶνδέ
1088 2368 1162 2404 μοι
1193 2354 1392 2406 θεάματα

526 2422 730 2475 ξύνθημα
761 2420 1062 2476 παραφέροντι
1094 2421 1299 2476 ποιμέσιν
1330 2424 1486 2477 λόχων.
1881 2478 1885 2482 .

351 2489 419 2532 hic
450 2492 624 2533 nuntius
656 2486 911 2544 quamquam
952 2492 1163 2543 quomodo
1194 2504 1262 2533 res
1296 2492 1451 2534 viderit
1483 2491 1635 2534 afferre
1667 2504 1713 2534 re
1745 2492 1839 2546 ipsa.

351 2572 434 2601 non
476 2561 656 2612 cogitur,
701 2565 844 2602 tamen
886 2561 964 2603 1100
994 2561 1114 2602 addit
1147 2561 1268 2613 quasi
1313 2562 1576 2614 respondens
1607 2562 1734 2603 alicui
1766 2563 1837 2615 qui

352 2641 447 2670 eum
479 2641 562 2682 quo
594 2633 718 2682 pacto
752 2634 871 2672 scuta
903 2634 990 2672 tam
1030 2633 1229 2672 accurate
1261 2630 1504 2672 describere
1536 2631 1672 2684 possit
1703 2631 1835 2674 inter-

351 2702 486 2749 rogat

403 2874 406 2877 ·
471 2862 503 2905 1)
529 2863 714 2905 prooemia
740 2853 987 2898 narrationum
1010 2864 1289 2908 Sophoclearum
1317 2864 1461 2908 saepius
1488 2863 1533 2898 ab
1559 2863 1627 2898 hac
1654 2856 1838 2899 sententia'

351 2918 458 2964 fiunt;
485 2919 530 2956 cf.
558 2932 592 2965 p.
620 2924 713 2965 5ll'2-
