1950 3308
758 270 1048 310 -23-

263 386 405 442 Supra
436 387 667 430 statuimus
698 384 895 428 nuntium
928 384 972 427 id
1004 385 1141 427 solum
1173 393 1351 425 narrare
1383 381 1498 435 quod
1531 379 1652 422 vidit.

143 456 255 502 Gum
286 458 423 513 igitur
452 457 629 500 nuntius
661 468 747 498 non
766 455 909 498 omnia
931 454 1176 498 describere
1199 452 1349 507 possit,
1382 451 1492 494 hanc
1512 449 1653 504 legem

145 529 440 574 narrationem
463 527 628 571 severis
650 526 830 569 vinculis
862 524 1380 568 circumclusisse‘elucet.
1441 521 1500 566 Et
1523 524 1655 574 poeta

145 600 244 643 eum
274 612 346 643 res
376 598 527 642 nuntio
558 609 643 640 non
674 596 931 649 inspiciente
964 598 1110 648 gestas
1142 606 1220 648 per
1241 592 1533 636 narrationem
1554 602 1654 644 pro-

145 669 262 714 ferre
288 668 536 724 cogebatur,
568 667 680 710 hanc
709 665 850 720 legem
874 665 1026 717 solvit.
1088 664 1348 718 Exemplum
1378 663 1654 717 perspicuum

128 730 192 784 ⁴in
220 739 324 783 Eur.
357 738 489 781 Andr.
523 737 752 790 habemus;
792 748 891 778 nam
923 735 1114 788 nuntius,
1147 734 1333 777 famulus
1364 732 1653 787 Neoptolemi,

122 809 280 853 rerba
311 808 480 852 Orestis
509 807 728 851 audivisse
761 819 847 849 non
877 809 1037 860 potest,
1076 818 1170 848 cum
1204 817 1301 847 eum
1332 804 1440 847 clam
1474 803 1654 846 homini-

81 867 224 924 *hus
255 879 526 934 persuasisse
557 881 892 922 consentaneum
925 877 996 920 sit.
1058 876 1107 919 In
1127 875 1232 918 Ione
1258 878 1444 928 1184sq.
1477 874 1655 917 nuntius

145 962 292 994 senem
336 962 548 993 venenum
593 948 879 992 immiscuisse
922 951 1072 990 narrat
1116 950 1160 988 et
1203 946 1298 999 ipse
1342 945 1466 988 addit
1497 957 1543 987 se
1576 943 1655 987 hoc

146 1023 301 1075 postea
331 1019 608 1074 comperisse,

224 1080 226 1082 ¹
263 1090 462 1144 Denique
505 1089 610 1132 ordo
654 1103 737 1144 quo
782 1090 960 1132 nuntius
1004 1100 1182 1131 narrare
1214 1086 1337 1138 solet,
1383 1085 1585 1138 laeditur,
1619 1085 1655 1127 si

144 1160 323 1204 nuntius
354 1160 397 1203 in
425 1160 555 1203 rebus
586 1159 814 1202 narrandis
844 1159 989 1213 priore
1020 1159 1113 1201 loco
1146 1158 1201 1200 ad
1233 1169 1302 1200 res
1334 1155 1525 1198 nondum
1557 1168 1654 1198 nar-

116 1273 117 1276 ,
145 1235 264 1274 ratas
296 1230 488 1285 respicit.
550 1230 819 1284 Quamquam
851 1230 932 1272 hoc
962 1228 1088 1272 facile
1119 1228 1330 1282 imprimis
1361 1240 1413 1269 ea
1445 1227 1498 1269 de
1525 1238 1656 1268 causa

145 1300 240 1344 fieri
281 1301 426 1356 potuit
469 1301 583 1356 quod
626 1304 729 1343 ante
772 1301 944 1355 longam
988 1300 1281 1342 narrationem
1324 1310 1402 1351 per
1436 1297 1655 1349 dialogum

126 1383 315 1415 summa
346 1384 490 1415 rerum
523 1375 744 1426 gestarum
786 1371 979 1414 breviter
1010 1370 1255 1424 exponitur,
1298 1372 1444 1411 tamen
1475 1367 1654 1410 nuntius

143 1453 244 1485 raro
274 1440 404 1484 finem
426 1443 688 1485 narrationis
709 1441 934 1495 anticipat.
997 1441 1208 1494 Exempla
1233 1440 1346 1482 enim
1368 1437 1460 1481 sola
1482 1440 1656 1480 exstant

143 1511 186 1554 in
208 1511 242 1554 1.
262 1511 313 1555 Τ.
347 1511 504 1569 (altera
534 1505 802 1567 narratione)
835 1516 879 1554 et
910 1512 953 1554 in
977 1511 1072 1553 Hel.
1104 1523 1215 1564 quae
1246 1510 1517 1552 narrationes
1541 1507 1655 1562 quod

143 1587 447 1636 argumentum
480 1583 640 1625 attinet
671 1581 913 1625 simillimae
943 1585 1057 1624 sunt.
1106 1580 1157 1623 cf.
1191 1581 1222 1622 Ι.
1247 1581 1293 1623 Τ.
1331 1583 1454 1622 1328.

323 1650 377 1696 οὗ
408 1659 519 1703 ναῦς
550 1652 759 1706 Ὀρέστου
789 1654 982 1708 κρύφιος
1012 1650 1067 1707 ἦν
1098 1650 1349 1706 ὡρμισμένη

146 1723 215 1766 hic
244 1723 380 1777 igitur
409 1724 495 1766 iam
527 1724 581 1766 de
605 1736 716 1766 nave
740 1723 909 1767 Orestis
940 1726 1155 1774 narratur,
1189 1734 1448 1776 quamquam
1481 1722 1653 1764 demum

145 1805 199 1836 ex
231 1793 361 1837 rebus
383 1806 494 1848 quae
516 1798 670 1848 postea
701 1794 950 1836 acciderunt
982 1794 1278 1847 cognoscimus
1311 1804 1406 1834 eam
1439 1790 1652 1842 adfuisse;

144 1862 196 1907 of.
224 1866 349 1906 1336.
412 1863 508 1907 Hel.
538 1867 647 1907 1529
680 1865 816 1906 πόσιν
847 1863 983 1913 πέλας
1013 1865 1212 1917 παρόντα
1252 1862 1364 1904 κούκ
1404 1862 1654 1915 τεθνηκότα

143 1934 320 1977 nuntius
351 1934 605 1989 priusquam
638 1935 783 1978 dolum
810 1934 1005 1978 Helenae
1038 1934 1211 1988 aperuit
1241 1936 1392 1976 narrat
1424 1945 1520 1975 eam
1554 1933 1653 1975 sub-

144 2005 242 2062 dole
292 2005 509 2059 gemuisse
557 2010 601 2048 et
647 2005 891 2049 Menelaum
940 2004 1154 2057 adfuisse3
1208 2004 1260 2047 cf.
1295 2003 1469 2057 1537s8,
1527 2006 1652 2053 1547,

147 2078 271 2126 1572,
325 2075 498 2130 157415.
562 2075 732 2118 Ceteris
782 2076 825 2117 in
877 2074 1198 2117 narrationibus
1251 2074 1354 2115 ordo
1407 2077 1653 2126 temporum

144 2148 357 2187 servatur.

260 2214 385 2265 Quod
416 2215 592 2258 nuntius
624 2215 667 2258 id
699 2216 814 2269 quod
851 2218 1000 2258 narrat
1032 2215 1126 2268 ipse
1159 2213 1279 2265 vidit,
1321 2213 1489 2255 animus
1522 2213 1653 2255 rebus

137 2285 329 2328 'maxime
360 2289 653 2328 commovetur
685 2291 730 2328 et
761 2286 953 2328 narratio
976 2297 1149 2338 semper
1170 2283 1348 2327 affectus
1371 2283 1500 2337 plena
1523 2286 1591 2326 est
1605 2281 1652 2338 ²).

139 2354 329 2399 Nuntius
381 2368 579 2400 scaenam
631 2357 767 2399 intrat
819 2355 1118 2399 affectionibus
1171 2355 1385 2409 agitatus;
1439 2353 1491 2397 cf.
1536 2354 1651 2396 Med.

129 2428 457 2469 ‘1121-—11232

314 2493 349 2538 ὦ
381 2497 534 2539 δεινὸν
565 2498 700 2552 ἔργον
731 2498 1000 2552 παρανόμως
1033 2495 1300 2551 εἰργασμένη

253 2566 435 2621 Μήδεια
452 2573 592 2622 φεῦγε
610 2573 749 2623 φεῦγε
762 2566 806 2620 ³).
840 2567 970 2621 Hipp.
990 2570 1098 2609 1153
1119 2567 1296 2610 nuntius
1314 2578 1480 2609 summo
1500 2566 1648 2607 dolore

261 2682 297 2726 1)
322 2682 392 2716 huc
430 2692 502 2716 non
528 2681 652 2717 refero
678 2683 812 2718 Bacch.
842 2686 933 2719 1058
960 2684 1134 2723 Πενθεὺς
1161 2683 1179 2718 ὁ
1206 2682 1364 2728 τλήμων,
1402 2682 1466 2718 ubi
1499 2682 1650 2718 nuntius

137 2739 341 2775 Pentheum
367 2740 538 2776 miserum
565 2746 671 2777 vocat
706 2747 904 2787 antequam
931 2744 976 2779 de
1004 2745 1136 2779 misero
1164 2744 1265 2778 exitu
1291 2743 1445 2779 Penthei
1470 2742 1647 2779 narravit.

259 2801 296 2844 2)
322 2799 473 2835 Robert.
524 2800 647 2836 Herm.
674 2802 732 2836 44.
760 2803 840 2837 396.

255 2859 293 2905 3)
321 2858 480 2904 Lenting
514 2859 611 2896 delet
648 2873 679 2896 v.
711 2864 812 2906 1121,
850 2862 1001 2909 Murray
1033 2875 1087 2898 vv.
1118 2864 1259 2903 1122s3.
1294 2875 1350 2899 vv.
1379 2865 1509 2908 1122]ss
1549 2867 1647 2898 certe

140 2917 295 2954 tenendi
320 2923 405 2955 sunt
432 2920 529 2965 quod
554 2933 586 2957 v.
609 2923 698 2956 1124
726 2922 765 2956 τί
786 2923 819 2956 δ’
838 2920 947 2965 ἄξιόν
964 2935 1027 2967 μοι
1046 2923 1157 2967 τῆσδε
1177 2922 1354 2969 τυγχάνει
1371 2928 1496 2968 φυγῆς
1517 2922 1647 2958 demon
