1950 3308
940 309 1231 347 -24—

342 426 395 467 de
427 429 564 467 morte
596 424 752 467 domini
793 421 971 465 affectus
1004 426 1070 464 est
1103 421 1171 477 (cf.
1205 423 1319 476 quod
1352 423 1504 467 chorus
1545 425 1597 467 de
1629 436 1679 468 eo
1711 425 1854 479 dicit).

340 499 385 537 et
426 495 575 536 sedata
622 505 721 534 voce
765 491 966 544 loquitur.
1029 491 1131 534 Hec.
1165 495 1250 534 484
1298 492 1551 546 Talthybius
1596 493 1742 538 dolore
1785 498 1830 539 et

340 563 629 606 misericordia
660 564 965 604 commovetur.
1029 561 1118 604 Hos
1150 565 1293 604 autem
1326 561 1503 605 affectus
1534 575 1560 606 a
1589 564 1728 618 primo
1753 565 1830 607 ad·

340 638 469 674 ventu
501 633 542 673 in
573 635 722 684 pectus
754 643 877 673 suum
921 630 1089 684 relegat
1120 644 1259 685 neque
1290 633 1484 675 clamitat
1514 635 1590 675 aut
1620 633 1828 687 queritur.

338 702 467 743 Andr.
495 705 604 743 1070
627 702 738 755 ὤμοι
761 713 860 754 μοι·
886 700 981 749 οἵας
1002 700 1025 743 ὁ
1045 702 1223 755 τλήμων
1244 700 1443 755 ἀγγελῶν
1466 702 1554 756 ἥκω
1576 703 1709 757 τύχας
1738 702 1829 746 fata

337 770 493 812 domini
516 771 724 824 queritur.
786 770 954 813 Heracl.
976 773 1058 812 784
1081 770 1255 813 nuntius
1287 771 1489 813 alacriter
1521 772 1714 823 advenit3
1749 772 1830 816 hoc

335 852 385 882 eo
433 841 764 894 demonstratur,
814 841 927 895 quod
972 840 1141 882 nemine
1183 840 1480 893 interrogante
1525 847 1827 902 argumentum

334 909 592 952 narrationis
638 909 804 963 profert
835 923 872 951 v.
907 909 1060 963 786l73
1107 909 1220 951 idem
1267 909 1310 951 in
1356 909 1507 963 Suppl.
1539 913 1712 965 634’sq„
1757 912 1824 955 El.

336 982 519 1032 761sqq.
581 980 629 1020 In
663 979 788 1021 Herc.
823 982 905 1021 910
938 979 1065 1021 rebus
1097 991 1203 1032 quas
1236 978 1349 1020 domi
1380 979 1487 1021 vidit
1519 991 1752 1034 oppressus
1780 985 1828 1024 et

334 1048 455 1102 quasi
487 1051 689 1090 contusus
720 1049 858 1102 prima
881 1048 1011 1091 verba
1033 1048 1218 1101 abrupta
1240 1048 1505 1102 pronuntiat.
1540 1049 1581 1091 «Ι.
1594 1049 1646 1092 Τ.
1668 1052 1750 1093 238
1761 1062 1824 1105 sq.
1887 1087 1890 1089 .

333 1117 385 1159 de
416 1121 591 1170 pastore
624 1118 725 1171 quid
758 1118 915 1160 sentiat
937 1116 1042 1160 nihil
1066 1118 1243 1160 dicitur:
1277 1118 1394 1160 venit
1425 1122 1474 1160 ut
1495 1119 1690 1175 nuntiet;
1721 1120 1823 1163 item

332 1187 483 1229 Bacch.
518 1190 613 1229 660.
676 1187 797 1229 Alter
836 1188 1012 1230 nuntius
1053 1187 1096 1228 in
1128 1187 1160 1229 Ι.
1185 1187 1232 1229 T.
1271 1191 1380 1230 1284
1421 1187 1524 1242 fuga
1562 1188 1825 1232 Graecorum

331 1256 543 1298 excitatus
575 1257 785 1299 et-iratus
816 1257 955 1310 prima
987 1258 1119 1299 verba
1150 1269 1304 1310 magno
1337 1269 1432 1299 cum
1462 1258 1629 1311 impetu
1650 1259 1822 1309 emittit.

330 1325 420 1367 Ion.
457 1329 638 1379 1106sq.
672 1327 846 1368 nuntius
888 1328 940 1369 de
975 1327 1145 1369 domina
1176 1327 1312 1369 timet.
1375 1326 1470 1370 Hel.
1507 1330 1616 1370 1513
1648 1323 1857 1382 nuntius-

331 1407 505 1438 currens
536 1396 579 1437 in
610 1408 806 1438 scaenam
828 1397 956 1439 venit.
1018 1396 1179 1439 Phoen.
1206 1400 1314 1439 1067
1328 1409 1389 1450 sq.
1413 1397 1579 1440 duobus
1601 1396 1824 1442 affectibus

329 1465 541 1518 agitatur:
585 1466 745 1518 gaudet
777 1467 829 1508 de
863 1466 1041 1509 victoria
1072 1466 1387 1517 Thebanorum,
1425 1470 1643 1510 maeretur
1673 1467 1727 1510 de
1758 1467 1822 1511 fu-

329 1537 426 1576 turo
477 1535 708 1578 certamine
759 1535 953 1578 fratrum.
1027 1532 1237 1578 Nuntius·
1264 1536 1330 1578 his
1382 1537 1548 1579 duobus
1599 1536 1821 1581 affectibus

329 1608 563 1646 commotus
613 1605 656 1647 in
707 1617 878 1648 accessu
929 1605 1092 1648 nullum
1144 1605 1342 1648 aflectum
1388 1606 1589 1651 ostendit.
1660 1607 1819 1653 Phoen.

329 1676 436 1715 1217
449 1686 542 1727 sqq.
575 1674 685 1716 alter
705 1675 880 1718 nuntius
903 1687 1033 1729 aegre
1055 1675 1140 1717 fert
1165 1676 1276 1729 quod
1300 1676 1353 1718 de
1375 1675 1608 1718 certamine
1639 1688 1817 1727 narrare

324 1743 506 1796 cogitur.
570 1744 649 1786 Hic
680 1745 813 1798 igitur
852 1744 1029 1787 affectus
1061 1758 1145 1788 non
1176 1746 1306 1788 rebus
1338 1746 1452 1796 visis,
1494 1745 1570 1788 sed
1601 1746 1836 1788 narrando-

323 1812 516 1855 efficitur.
569 1814 726 1856 Phoen.
755 1818 863 1856 1335
887 1815 1063 1858 nuntius
1095 1815 1225 1857 caede
1247 1815 1428 1857 fratrum
1451 1815 1617 1862 alterna
1638 1827 1816 1868 oppres-

325 1893 397 1923 sus
429 1894 475 1923 se
506 1884 702 1925 nuntium
745 1884 868 1925 huius
911 1884 974 1926 rei
1016 1885 1196 1926 miserae
1229 1896 1322 1927 esse
1355 1884 1562 1938 queritur.
1624 1884 1697 1926 Or.
1730 1886 1813 1926 852

325 1951 614 1994 misericordia
657 1953 796 1994 nuntii
839 1954 921 1994 iam
967 1965 1019 1994 ex
1062 1953 1210 2005 primis
1253 1954 1393 1995 verbis
1444 1953 1725 2006 intellegitur,
1772 1953 1817 1996 in

324 2019 478 2063 Bacch.
515 2023 625 2062 1024
657 2033 836 2074 magnus
869 2021 1000 2063 dolor.

441 2101 627 2143 Nuntius
669 2102 867 2155 quoniam
910 2102 1087 2145 affectus
1130 2104 1215 2145 iam
1257 2103 1406 2156 primis
1438 2103 1579 2145 verbis
1612 2101 1814 2155 ostendit.

325 2170 611 2212 narrationem
645 2170 822 2214 affectus
856 2176 1077 2225 expertem
1103 2172 1298 2225 proferre
1320 2184 1404 2214 non
1424 2175 1592 2225 potest;
1625 2176 1817 2214 attamen

325 2251 398 2282 eos
429 2240 513 2281 iam
545 2241 597 2282 ab
630 2241 749 2283 initio
794 2241 1051 2283 narrationis
1096 2242 1333 2294 reprimens
1377 2242 1592 2284 rarissime
1637 2240 1816 2284 affectus

326 2309 479 2362 quihus
521 2314 810 2353 commovetur
846 2315 921 2352 aut
954 2310 1235 2362 cogitationes
1267 2312 1310 2352 in
1342 2311 1672 2363 descriptionem
1703 2311 1820 2354 inse*

326 2378 395 2420 rit.
457 2379 607 2432 Itaque
640 2379 682 2420 hi
715 2378 892 2421 affectus
934 2379 1189 2421 intrinsecus
1226 2379 1493 2422 narrationes
1524 2380 1740 2432 complent
1771 2385 1815 2422 et

327 2447 466 2490 colore
509 2448 711 2489 narrandi
754 2448 1051 2500 exprimuntur
1095 2451 1171 2490 aut
1202 2449 1344 2490 verbis
1377 2460 1486 2502 quae
1517 2448 1688 2502 quidem
1720 2461 1816 2490 nar-

327 2517 537 2559 rationem
576 2529 660 2559 non
691 2517 1022 2570 interrumpunt,
1065 2521 1209 2559 tamen
1240 2516 1418 2560 affectus
1450 2517 1816 2571 cogitationesque

328 2586 570 2628 ostendunt.
631 2586 688 2629 Et
714 2586 966 2640 Talthybius
999 2587 1208 2640 quomodo
1242 2587 1341 2628 dum
1371 2590 1520 2629 narret
1550 2599 1815 2630 commovea-

327 2659 399 2697 tur
429 2656 533 2709 ipsis
564 2656 705 2698 verbis
735 2656 970 2698 narrationi
1006 2656 1252 2708 praemissis
1283 2656 1463 2698 indicat:
1517 2655 1620 2699 Hec.
1653 2658 1815 2707 518s20

329 2875 468 2906 stratur
493 2876 601 2907 antea
627 2872 764 2917 aliquid
791 2871 834 2908 de
858 2871 945 2918 fuga
971 2872 1105 2908 dictum
1132 2883 1221 2909 esse.
1271 2873 1335 2908 De.
1362 2885 1393 2908 v.
1424 2875 1510 2908 1121
1540 2871 1709 2908 dubitare
1735 2883 1815 2917 pos·

330 2941 462 2966 sumus.
