1936 3276
1738 0 1747 30 ιζ
1777 0 1933 224 ζξγπῑ

1922 309 1936 343 ,Ξ

1929 345 1936 371 ἔ

1930 374 1936 383 «

942 255 1233 295 -58-

1073 371 1112 410 4.

460 441 548 483 Iam
580 440 832 481 accedamus
855 439 908 480 ad
936 441 1101 481 ceteras
1124 438 1344 492 Sophoclis
1367 439 1646 491 narrationes,
1679 439 1833 494 quibus

346 514 421 552 aut
468 509 625 561 aliquid
672 508 901 562 exponitur
948 512 1023 550 aut
1066 508 1210 562 aliqua
1252 520 1361 551 nova
1405 520 1474 551 res
1506 511 1556 551 ut
1586 509 1697 552 actio
1733 521 1834 564 pro-

346 582 568 621 moveatur
598 578 641 619 in
674 578 941 631 tragoediam
974 577 1202 620 inducitur.
1249 578 1314 619 Ex
1345 578 1499 631 quibus
1530 578 1760 622 nonnullae
1783 582 1836 624 et

346 648 459 701 quod
491 651 711 690 externam
743 647 922 690 formam
955 648 1112 690 attinet
1137 653 1181 690 et
1203 649 1315 702 quod
1338 652 1476 691 artem
1497 649 1701 692 narrandi
1721 643 1837 693 haud

346 717 571 760 dissimiles
614 721 715 759 sunt
758 718 820 760 eis
864 730 1044 771 quarum
1088 717 1269 760 formam
1305 720 1359 761 ad
1390 718 1634 763 nuntiorum
1666 718 1838 773 Euripi-

347 787 527 829 deorum
566 787 776 840 quadrare
808 787 983 830 Rassow
1015 787 1126 830 dicit.
1187 786 1296 830 Nam
1325 789 1454 831 etiam
1485 789 1552 832 his
1581 787 1838 833 narrationi-

346 856 425 898 bus
456 857 586 898 breve
618 856 857 898 diverbium
888 856 1194 910 praemittitur,
1237 857 1312 899 sed
1345 869 1396 900 eo
1426 857 1664 915 plerunque
1691 857 1838 912 expri-

347 927 477 968 mitur
509 927 610 979 quid
642 938 854 979 personae
886 927 938 968 de
970 926 1099 968 rebus
1130 929 1282 979 postea
1313 927 1539 970 narrandis
1560 927 1750 984 cogitent
1770 927 1840 970 vel

347 995 558 1046 sentiant;
592 995 644 1037 cf.
677 995 741 1037 Ai.
777 998 1027 1047 265—2833
1062 996 1160 1038 Ant.
1194 999 1448 1048 988—9973
1488 995 1554 1039 El.
1587 998 1839 1048 871--89113
1893 1015 1897 1017 >

349 1064 398 1107 Ο.
421 1065 471 1106 R.
507 1068 758 1116 766-77o;
793 1065 944 1107 Trach.
969 1067 1211 1107 663—671.
1244 1065 1423 1109 Philoct.
1449 1068 1692 1109 337—342.
1736 1065 1840 1113 Tale

349 1135 481 1188 igitur
533 1135 770 1177 diverbium
819 1139 1047 1188 cognatum
1099 1135 1268 1177 videtur
1319 1137 1359 1178 ei
1409 1148 1491 1190 quo
1538 1138 1840 1189 argumentum

348 1204 605 1246 narrationis
648 1205 911 1258 insequentis
956 1206 1097 1247 datur.
1159 1205 1292 1247 Plane
1336 1205 1485 1247 eodem
1526 1205 1651 1248 modo
1682 1217 1765 1259 quo
1797 1205 1841 1247 in

348 1274 432 1316 illis
463 1274 794 1324 narrationibus,
827 1275 1094 1317 narrationes
1127 1287 1232 1328 quas
1264 1287 1375 1318 nunc
1406 1277 1595 1317 tractare
1625 1274 1668 1316 in
1698 1274 1839 1317 animo

348 1343 498 1393 habe0‚
543 1355 626 1385 non
669 1344 724 1386 ab
765 1356 811 1386 re
842 1344 936 1397 ipsa
967 1345 1188 1398 incipiunt,
1234 1346 1309 1388 sed
1354 1345 1472 1387 brevi
1514 1344 1732 1398 prooemio
1776 1343 1843 1387 cui

351 1413 523 1466 saepius
565 1414 714 1455 eadem
759 1415 974 1456 sententia
1006 1427 1116 1468 quae
1152 1415 1381 1469 prooemiis
1413 1415 1704 1457 narrationum
1735 1426 1842 1456 nun-

348 1483 504 1525 tiorum
551 1486 629 1533 est,
673 1483 960 1526 instituuntur
996 1488 1041 1526 et
1076 1485 1257 1538 epilogis
1294 1484 1512 1527 finiuntur.
1574 1483 1843 1527 Prooemium

349 1553 642 1606 praemittitur
664 1553 729 1596 his
751 1553 876 1596 locis:
902 1554 964 1595 Ai.
986 1557 1083 1596 284.
1117 1555 1216 1597 Ant.
1237 1558 1332 1598 998.
1367 1554 1413 1598 Ο.
1431 1555 1482 1597 R.
1503 1557 1745 1596 771—773.
1777 1553 1844 1597 El.

353 1626 449 1673 892,
474 1622 623 1664 Trach.
644 1624 799 1675 672l33
823 1624 1067 1676 prooemius
1090 1625 1212 1667 deest
1234 1629 1278 1667 et
1300 1625 1490 1667 narratio
1512 1623 1658 1666 statim
1674 1635 1699 1665 a
1715 1623 1844 1666 rebus

352 1692 456 1746 ipsis
478 1691 627 1745 incipit
646 1692 825 1734 Philoct.
845 1695 941 1734 343.
975 1693 1183 1747 Epilogus
1205 1706 1288 1747 quo
1310 1706 1495 1748 persona
1518 1693 1620 1747 quid
1642 1693 1695 1735 de
1716 1690 1845 1735 rebus

353 1761 539 1803 narratis
562 1762 721 1803 sentiat
744 1763 957 1815 exprimit,
981 1764 1270 1806 narrationem
1294 1764 1534 1817 insequitur
1548 1763 1614 1805 his
1629 1762 1756 1805 locis:
1780 1762 1844 1803 Ai.

355 1834 604 1881 327—3303
630 1831 727 1872 Ant.
751 1835 1047 1874 1015-1032.
1072 1832 1135 1873 El.
1160 1836 1240 1875 907
1255 1845 1316 1886 sq.
1350 1833 1399 1875 O.
1418 1833 1468 1874 R.
1487 1835 1570 1875 813
1583 1844 1669 1885 sq.;
1693 1829 1843 1872 Trach.

355 1903 436 1942 705
450 1912 535 1953 sq.;
567 1899 745 1941 Philoct.
769 1903 941 1951 389s90.
962 1925 1018 1930 —
1040 1900 1185 1943 Etiam
1217 1915 1287 1944 ars
1319 1902 1522 1944 narrandi
1554 1901 1607 1943 ab
1638 1899 1722 1943 illis
1750 1912 1846 1942 nar·
1892 1929 1900 1936 .

354 1969 591 2011 rationibus
613 1981 697 2011 non
719 1969 936 2020 abhorret,
961 1971 1073 2022 quod
1095 1970 1287 2013 homines
1308 1971 1352 2013 id
1374 1970 1512 2014 solum
1533 1964 1711 2012 narrant
1732 1969 1846 2023 quod

354 2039 566 2081 viderunt.
638 2038 741 2080 Hoc.
772 2038 815 2080 in
857 2038 921 2080 Ai.
957 2042 1038 2081 295
1053 2052 1113 2093 sq.
1157 2041 1452 2083 demonstrare
1491 2051 1731 2094 possumus,
1766 2034 1846 2080 ‘ubi

355 2109 582 2151 Tecmessa
625 2107 727 2161 quid
770 2108 878 2150 Aiax
915 2112 1036 2151 extra
1078 2110 1309 2152 tentorium
1350 2109 1502 2153 fecerit
1542 2120 1720 2152 narrare
1762 2119 1845 2150 non

355 2182 501 2232 potest
540 2178 652 2230 quod
683 2190 766 2220 non
798 2177 1019 2230 interfuit·;
1058 2180 1100 2221 in
1134 2181 1228 2222 Ant.
1264 2182 1520 2222 999—1018
1554 2178 1741 2221 Tiresias
1773 2189 1846 2219 au-

358 2248 491 2301 spicia
524 2259 632 2300 quae
664 2247 758 2300 ipse
790 2248 1035 2289 observavit
1066 2253 1253 2299 enarrat,
1287 2249 1330 2290 in
1360 2248 1427 2290 El.
1455 2251 1683 2290 893—906
1715 2246 1848 2301 Chry-

357 2317 560 2359 sothemis
592 2329 630 2357 v.
655 2319 752 2368 894,
776 2318 872 2366 897,
898 2319 981 2357 900
1013 2316 1116 2369 ipsis
1148 2318 1289 2360 verbis
1320 2317 1480 2359 indicat
1512 2329 1558 2360 se
1580 2329 1649 2359 res
1667 2317 1846 2366 vidisse3

357 2388 486 2430 etiam
538 2387 580 2427 in
634 2384 686 2434 0.
708 2385 756 2426 R.
793 2388 1019 2427 774—813
1074 2386 1286 2440 Oedipus,
1338 2388 1380 2429 in
1434 2386 1584 2428 Trach.
1619 2388 1847 2427 674—704

357 2456 573 2506 Deianira,
605 2455 647 2497 in
678 2454 858 2496 Philoct.
894 2457 1122 2513 343÷388
1155 2457 1463 2510 Neoptolemus
1494 2467 1563 2497 res
1595 2467 1699 2508 quas
1730 2454 1847 2497 vide-

358 2529 459 2569 runt
501 2527 691 2567 narrant.
753 2523 813 2565 Et
850 2523 930 2566 hae
974 2526 1241 2569 narrationes
1285 2526 1426 2579 aliquo
1458 2524 1612 2568 affectu
1644 2522 1847 2577 impletae

359 2596 661 2650 proferuntur:
704 2593 768 2635 Ai.
804 2597 1029 2636 285—326
1064 2595 1210 2638 dolore
1243 2599 1373 2649 atque
1404 2605 1577 2648 angore,
1609 2593 1674 2636 El.
1706 2595 1848 2636 893—

362 2670 443 2707 906
498 2665 669 2717 gaudio,
723 2663 873 2705 Trach.
908 2667 1137 2708 674—704
1188 2665 1526 2719 perturbatione,
1578 2663 1621 2706 in
1668 2661 1848 2705 Philoct.
1903 2672 1906 2675 ·

362 2738 588 2776 343-388
621 2733 928 2786 indignatione,
961 2735 1002 2776 in
1035 2736 1134 2777 Ant.
1166 2738 1421 2778 999—1018
1453 2746 1556 2776 cura
1588 2736 1632 2774 et
1664 2731 1848 2774 admira-

361 2805 476 2846 tione
492 2802 536 2857 ¹).
597 2803 652 2843 Et
684 2802 748 2844 his
780 2804 1098 2847 narrationibus
1130 2818 1198 2848 res
1231 2804 1470 2847 hominibus
1503 2802 1575 2855 qui
1606 2802 1762 2843 adsunt
1785 2800 1847 2842 ita

483 2907 518 2950 1)
545 2915 736 2949 personam
777 2916 869 2949 quae
902 2907 1030 2939 narrat
1064 2900 1197 2936 affectu
1235 2895 1449 2934 commoveri
1473 2895 1675 2940 plerunque
1700 2893 1771 2927 iam
1796 2891 1848 2929 di-
