1950 3308
948 285 1233 324 -25-

348 397 501 440 Bacch.
529 399 685 448 1117l8
720 397 848 438 verbo
881 394 1028 449 λέγειν
1060 397 1180 439 addit
1206 398 1421 452 παρηίδος
1442 399 1598 446 ψαύων
1620 403 1697 449 aut
1721 401 1832 445 1130

348 467 547 521 ῥήγνυσα
579 467 742 518 σάρκας
773 470 848 507 aut
880 466 1006 509 Helue
1031 470 1113 508 993
1145 465 1190 516 ἐς
1221 466 1390 518 ξανθὸν
1419 468 1544 524 κάρα.
1602 468 1733 522 Tales
1762 481 1832 521 res

348 538 575 579 observ-aie
606 539 650 577 et
671 536 852 577 r·edde1e
873 539 1019 588 potest
1049 536 1085 578 is
1112 537 1228 579 solus
1250 537 1322 590 qui
1343 537 1472 580 rebus
1494 538 1629 591 gestis
1647 539 1832 626 ωμχὶῃθ

347 612 580 647 commotus
612 609 678 646 est
710 608 839 658 atque
874 605 1003 647 etiam
1035 618 1146 648 nunc
1177 611 1468 649 commovetur
1482 606 1526 664 ¹)

463 674 728 727 Quamquam
759 678 808 716 ut
839 675 1017 728 exposui
1048 675 1222 718 nuntius
1245 677 1344 718 dum
1365 681 1526 727 narrat,
1550 677 1678 720 rebus
1699 677 1834 732 gestis

346 743 528 785 maxime
560 747 852 786 commovetur
892 748 936 786 et
965 744 1043 786 hos
1075 744 1251 787 affectus
1292 746 1384 788 sine
1421 745 1550 790 dubio
1589 749 1684 791 arte
1727 743 1850 803 roci-¹

345 814 465 854 tandi
496 813 697 863 ostendit,
737 817 880 855 tamen
911 825 985 856 eos
1017 814 1232 857 rarissime
1267 815 1556 868 compluribus
1586 817 1731 860 verbis
1761 828 1834 860 ex-

346 883 493 935 primit
525 883 684 936 quippe
716 883 830 936 quod
872 883 1062 925 narratio
1106 888 1391 936 rumperetur.
1455 885 1512 928 Et
1541 884 1759 946 prioribus
1789 886 1831 930 in
1887 894 1891 898 '
1944 880 1950 906 '³

345 952 579 1005 tragoediis
611 953 811 1006 (excepta
834 951 1074 995 Heraclidis
1095 952 1302 1009 retracta)
1334 954 1511 998 nuntius
1541 954 1832 1007 narratibnm

345 1020 568 1070 affectibus
615 1025 691 1063 aut
736 1021 1067 1074 cogitationibus
1114 1034 1197 1064 non
1241 1022 1543 1077 interrumpit,
1589 1023 1634 1067 in
1679 1021 1835 1068 Oreste
1907 1061 1910 1065 .

345 1095 487 1132 autem
521 1091 810 1144 compluribus
842 1091 967 1142 locis3
1001 1091 1053 1133 cf.
1077 1092 1209 1146 89518

518 1186 568 1226 τὸ
599 1185 682 1238 γὰρ
714 1183 843 1238 γένος
872 1188 1101 1238 τοιοῦτονῇ·
1133 1184 1204 1228 ἐπὶ
1235 1186 1313 1228 τὸν
1345 1185 1503 1240 εὐτυχῆ

518 1253 683 1308 πηδῶσ’
717 1252 783 1296 ἀεὶ
814 1256 1022 1309 κήρυκες·
1057 1254 1132 1297 ὅδε
1164 1254 1199 1297 ὁο
1235 1254 1384 1304 αὐτοῖς
1416 1257 1546 1309 φίλος

520 1321 568 1372 ὃς
599 1322 653 1365 ἂν
685 1324 868 1377 δύνηται
901 1326 1060 1374 πόλεος
1090 1326 1139 1366 ἔν
1169 1324 1200 1366 τ’
1238 1324 1442 1380 ἀρχαῖσιν
1473 1318 1501 1380 ᾖ

346 1421 390 1458 et
413 1420 639 1459 907-913
665 1422 708 1459 et
730 1430 766 1459 v.
791 1421 887 1469 920,
920 1419 961 1460 in
985 1419 1138 1472 quibus
1171 1419 1235 1460 vir
1265 1419 1470 1461 honestus
1502 1421 1546 1460 et
1568 1419 1834 1476 demagogus

346 1487 458 1528 inter
489 1499 534 1528 se
567 1491 856 1540 opponuntur.
919 1489 1003 1530 Sed
1027 1501 1092 1529 vv.
1117 1491 1345 1530 907—913
1379 1492 1495 1530 certe
1517 1487 1687 1532 delendi
1710 1491 1834 1538 sunt;

345 1556 424 1597 viri
457 1556 569 1598 docti
602 1556 736 1598 multa
766 1569 851 1599 non
883 1556 1121 1610 Euripidea
1152 1558 1195 1599 in
1231 1557 1297 1600 his
1330 1557 1524 1599 versibus
1554 1557 1834 1600 invenerunt:

347 1625 566 1667 Hermann
599 1626 641 1667 in
684 1626 871 1668 editione
902 1626 1027 1669 eiecit
1065 1640 1104 1668 v.
1128 1630 1210 1668 913
1244 1625 1376 1682 (898),
1421 1626 1535 1679 quod
1576 1626 1645 1668 hic
1687 1638 1837 1673 versus

346 1699 462 1736 esset
493 1695 793 1748 interpretatio
834 1696 875 1737 in
907 1695 1086 1738 formam
1117 1696 1300 1738 trimetri
1346 1695 1520 1737 redacta
1563 1698 1608 1738 et
1648 1695 1837 1750 ascripta

345 1766 395 1805 ad
439 1776 490 1805 ea
531 1777 641 1817 quae
680 1769 931 1818 sequuntur,
976 1764 1199 1808 Kirchhoff
1235 1764 1351 1807 delet
1395 1768 1646 1816 907—9133
1686 1764 1837 1808 Nauck

348 1833 492 1886 9l2l3.
556 1833 763 1883 Quoniam
810 1839 977 1876 constat
1024 1835 1273 1887 Euripidem
1320 1835 1580 1887 demagogos
1627 1837 1672 1877 et
1717 1834 1835 1887 vulgi

345 1903 670 1954 perturbatores
713 1903 852 1946 odisse
894 1908 938 1945 et
980 1916 1058 1956 per
1101 1903 1345 1956 tragoedias
1390 1915 1460 1945 res
1504 1903 1696 1956 publicas
1737 1915 1834 1957 per·

346 1972 558 2024 stringere
601 1972 671 2026 (cf.
706 1986 742 2013 v.
777 1973 872 2015 Wil.
906 1973 1031 2015 Herc.
1063 1971 1113 2014 1¹
1144 1986 1187 2025 p.
1214 1973 1298 2026 13),
1331 1985 1415 2014 non
1458 1976 1524 2014 est
1560 1973 1673 2025 quod
1713 1972 1834 2015 dubi-

345 2044 485 2083 temus
517 2053 568 2083 ea
600 2054 708 2095 quae
740 2042 898 2084 scholia
930 2043 1108 2084 tradunt
1145 2046 1262 2084 recta
1294 2054 1410 2093 esse;
1452 2042 1531 2084 viri
1571 2045 1689 2084 certe
1719 2042 1834 2100 docti

346 2111 417 2163 qui
448 2123 499 2152 ea
531 2112 583 2152 de
613 2111 692 2153 hoc
723 2111 814 2154 loco
848 2112 1206 2165 conscripserunt,
1241 2112 1387 2153 dicunt
1406 2111 1484 2154 -his
1516 2111 1711 2171 versibus
1741 2112 1834 2164 peti

346 2180 654 2233 Cleophontem
699 2181 1000 2235 demagogum2
1040 2182 1111 2234 qui
1150 2182 1274 2223 homo
1318 2180 1461 2223 Thrax
1491 2184 1642 2223 contra
1682 2192 1832 2235 pacem

346 2262 438 2290 cum
463 2250 812 2292 Lacedaemoniis
843 2251 1081 2292 faciendam
1113 2251 1269 2292 dixerit
1301 2249 1371 2303 (cf.
1403 2250 1562 2292 scholia
1603 2250 1647 2292 in
1680 2262 1717 2291 v.
1748 2252 1832 2292 903

345 2323 389 2359 et
423 2317 521 2373 571)
554 2319 746 2360 versibus
780 2320 909 2366 905!ss
952 2318 1084 2370 igitur
1125 2331 1271 2359 carere
1311 2330 1394 2359 non
1435 2330 1676 2370 possumus,
1719 2318 1833 2371 quod

345 2387 476 2428 verba
518 2387 868 2440 ἀθυρόγλωσσος
898 2411 954 2416 —-
985 2385 1317 2440 ἠναγκασμένος
1359 2387 1413 2428 ad
1454 2387 1571 2428 illum
1619 2386 1831 2429 hominem

344 2456 616 2498 indicandum
657 2468 739 2498 non
782 2456 886 2498 satis
928 2459 1040 2497 sunt.
1101 2455 1186 2498 Sed
1226 2455 1340 2508 quod
1381 2455 1576 2509 sequitur
1616 2456 1661 2497 in
1692 2456 1832 2509 suspi-

345 2526 507 2567 cionem
552 2525 785 2567 vocandum
828 2529 907 2567 est.
967 2525 1154 2566 Nuntius
1201 2525 1312 2566 enim
1357 2524 1544 2566 instituit
1583 2524 1829 2577 generalem

468 2725 499 2765 l)
526 2724 562 2757 in
591 2723 757 2759 monodia
782 2723 934 2769 Phrygis
961 2723 999 2757 hi
1025 2723 1174 2758 affectus
1202 2723 1326 2758 metris
1353 2727 1389 2758 et
1407 2728 1486 2758 arte
1512 2723 1650 2758 musica
1666 2724 1831 2768 expressi

345 2784 439 2815 sunt.
491 2782 537 2815 Et
567 2783 617 2816 sic
644 2782 837 2818 affectuum
861 2782 899 2816 in
925 2782 1054 2817 ceteris
1073 2782 1344 2817 narrationibus
1370 2782 1513 2816 ratione
1537 2782 1664 2816 habita
1689 2781 1830 2816 intelle·

344 2839 461 2883 gimus
499 2840 607 2875 facile
635 2841 799 2876 accidere
825 2841 987 2886 potuisse
1026 2845 1066 2875 ut
1100 2842 1167 2876 hae
1199 2841 1428 2876 narrationes
1455 2839 1502 2874 ad
1537 2838 1741 2890 monodiam
1767 2839 1828 2875 ad-

344 2897 572 2934 ducerentur.
1747 2910 1750 2913 '
