1950 3308
768 278 1031 333 -‘7.-

261 409 307 465 a)
351 408 585 463 Sophocles
629 409 923 452 narrationem
972 420 1100 462 quam
1132 406 1364 462 Euripides
1413 408 1658 461 exponendi

143 491 276 524 causa
306 478 479 534 Semper
521 479 644 522 initio
676 478 849 522 fabulae
891 490 973 533 per
1004 478 1276 532 soliloquium
1313 477 1513 529 absolvit,
1556 482 1656 532 post

142 551 331 605 primum
364 551 577 593 canticum
608 549 727 592 chori
758 548 924 603 posuit;
958 548 1008 591 cf.
1040 549 1106 591 Ai.
1131 551 1375 599 285—326,
1408 547 1474 591 El.
1510 551 1655 590 255—

146 623 246 664 309.
293 619 446 663 Trach.
482 622 724 662 155—172.
778 618 959 661 Philoct.
995 621 1224 661 261—313
1270 617 1391 672 (item
1422 617 1658 672 Euripides

147 690 236 734 Alc.
274 687 530 744 158—208).
592 688 640 730 In
674 687 826 731 Trach.
859 687 1002 731 1-48
1036 687 1270 742 Sophocles
1301 688 1479 731 ineunte
1510 687 1659 731 fabula

145 758 477 815 explicationem
522 770 668 801 rerum
717 770 836 801 more
883 758 1121 812 Euripideo
1170 757 1478 810 conformavit3
1531 770 1656 812 prae-

145 834 268 874 terea
287 828 499 872 Deianira
520 828 661 872 media
692 828 735 870 in
757 827 904 871 fabula
929 831 1157 871 555—577
1183 828 1361 882 exponit
1392 841 1438 871 se
1470 841 1495 871 a
1517 828 1658 871 Nesso

145 900 509 944 medicamentum
542 899 772 953 accepisse.

262 969 308 1026 b)
339 970 426 1013 Res
458 981 569 1013 nova
611 969 655 1011 in
687 969 901 1012 actionem
946 968 1200 1023 tragoediae
1242 980 1322 1022 per
1365 968 1660 1021 narrationem

147 1041 367 1084 inducitur
396 1039 465 1083 his
497 1040 622 1082 locis:
672 1041 736 1082 Ai.
772 1041 1003 1082 719-779
1035 1039 1212 1082 nuntius
1244 1038 1387 1081 subito
1418 1039 1661 1093 procedens

147 1111 362 1154 Teucrum
394 1110 622 1153 advenisse
650 1110 823 1152 nuntiat
856 1113 900 1152 et
929 1109 1176 1152 vaticinium
1202 1108 1450 1152 Calchantis
1473 1112 1660 1152 enarrat.

143 1180 200 1224 Ο.
232 1179 284 1223 R.
318 1183 549 1223 711—722
593 1180 764 1222 Iocasta
807 1182 957 1222 narrat
988 1179 1042 1222 de
1086 1179 1289 1221 vaticinio
1330 1179 1445 1233 quod
1476 1181 1660 1221 mortem

147 1250 239 1293 Laii
270 1263 296 1293 a
326 1249 414 1293 filio
445 1249 686 1304 perfectum
718 1250 771 1292 iri
802 1249 1050 1304 praefatum
1082 1249 1151 1292 sit.
1203 1248 1323 1292 Haec
1344 1248 1535 1292 narratio
1569 1249 1661 1302 qui·

149 1322 246 1364 dem
277 1333 380 1375 pars
412 1321 619 1364 orationis
651 1324 718 1363 est
751 1320 866 1375 quod
887 1320 1058 1363 Iocasta
1088 1319 1290 1362 vaticinia
1321 1318 1423 1361 vilia
1455 1331 1551 1362 esse
1582 1318 1663 1362 hac

147 1391 398 1434 narratione
430 1391 727 1434 demonstrare
769 1390 874 1442 vult,
917 1391 994 1434 sed
1038 1389 1165 1433 simul
1205 1402 1363 1432 novum
1396 1392 1660 1432 momentum

148 1461 330 1504 actionis
361 1460 568 1513 efficitur,
614 1462 728 1516 quod
762 1461 976 1515 Oedipodi
1017 1460 1151 1503 verba
1202 1463 1406 1514 τριπλαῖς
1436 1458 1664 1514 ἀμαξιταῖς

147 1531 192 1574 in
218 1531 527 1586 ‚suspicionem
570 1532 762 1583 veniunt,
815 1544 841 1574 a
884 1531 1040 1585 quibus
1073 1530 1217 1573 verbis
1248 1530 1361 1572 actio
1393 1530 1663 1583 producitur.

150 1601 199 1645 Ο.
222 1602 273 1645 R.
309 1605 538 1645 771-813
571 1606 616 1645 et
647 1602 721 1645 illa
751 1601 1001 1645 narratione
1033 1599 1302 1656 (711—722)
1335 1603 1533 1643 movetur
1558 1599 1664 1643 haec

153 1671 390 1726 Oedipodis
413 1685 459 1715 se
480 1673 525 1715 in
540 1673 609 1715 via
625 1672 795 1715 Phocea
810 1672 1027 1715 hominem
1048 1671 1266 1714 occidisse.
1291 1668 1450 1713 Cetera
1467 1671 1666 1724 exempla

151 1745 326 1786 exstant
356 1742 484 1785 haec:
532 1743 631 1786 Ant.
667 1746 922 1795 249—277;
965 1742 1222 1793 407-4403
1268 1744 1548 1795 999—10223
1597 1741 1663 1783 El.

152 1816 407 1866 418—4273
442 1816 696 1865 680—7633
731 1815 977 1856 893—914.
1031 1811 1183 1855 Trach.
1221 1815 1475 1864 248—2903
1522 1814 1665 1854 351-

153 1885 262 1939 365;
297 1886 541 1926 672—704.
587 1882 768 1926 Philoct.
804 1885 1050 1925 343-389.
1084 1885 1329 1925 604—619.
1365 1881 1416 1924 O.
1439 1880 1489 1924 C.
1524 1884 1665 1924 361—

153 1956 252 1997 384.
314 1953 364 1996 In
405 1954 603 1997 omnibus
648 1954 784 2008 igitur
824 1953 1062 2007 tragoediis
1108 1964 1219 2006 quae
1259 1952 1520 2006 superstites
1553 1954 1667 2003 sunt,

154 2023 390 2078 Sophocles
421 2024 743 2068 narrationibus
784 2023 838 2066 ad
881 2023 1092 2066 actionem
1134 2023 1472 2077 promovendam
1515 2010 1666 2064 utitur.

270 2095 312 2150 c)
355 2094 673 2149 Catastrophae
721 2093 965 2137 fabularum
1008 2096 1243 2136 narrantur
1283 2092 1350 2135 his
1390 2092 1517 2135 locis:
1566 2092 1665 2134 Ant.

159 2169 471 2217 1192—12433
519 2165 570 2208 O.
593 2165 645 2207 R.
691 2167 994 2206 1237—1285.
1047 2162 1200 2205 Trach.
1245 2166 1490 2205 749—812.
1545 2161 1666 2205 QG.

158 2238 458 2278 1586—1665.
519 2235 715 2288 Denique
759 2234 915 2277 addam
960 2234 1003 2276 in
1036 2233 1189 2276 Trach.
1222 2235 1452 2275 896-946
1499 2232 1668 2275 narrari

154 2306 258 2360 quid
291 2304 612 2359 catastropham
645 2309 842 2347 secutum
873 2304 930 2347 sit
961 2315 1017 2347 sc.
1052 2307 1233 2346 mortem
1266 2303 1522 2358 Deianirae;
1555 2302 1669 2357 quod

158 2375 241 2419 nisi
281 2375 362 2418 hoc
391 2374 484 2418 loco
516 2375 559 2418 in
591 2374 829 2428 tragoediis
854 2373 1008 2417 Atticis
1039 2373 1169 2427 longa
1200 2373 1450 2416 narratione
1482 2373 1669 2427 proferri

155 2457 241 2489 non
290 2445 421 2501 solet;
485 2445 605 2488 velut
652 2445 783 2499 Soph.
831 2444 930 2487 Ant.
982 2447 1091 2486 1277
1109 2456 1199 2498 sqq.
1249 2455 1364 2487 mors
1411 2443 1667 2498 Eurydicae‚

155 2516 261 2559 Eur.
285 2515 402 2559 Med.
438 2518 548 2558 1273
567 2528 659 2570 sqq.
693 2527 809 2558 mors
842 2515 1089 2565 liberorum,
1123 2514 1190 2556 El.
1216 2515 1327 2556 1165
1360 2526 1476 2556 mors
1501 2513 1671 2567 Clytae-

154 2589 356 2630 mestrae.

273 2656 339 2699 De
369 2655 634 2709 Aeschyli
664 2655 986 2698 narrationibus
1020 2653 1134 2707 quod
1166 2653 1334 2706 singula
1367 2664 1476 2706 quae
1507 2653 1549 2694 in
1582 2655 1669 2695 tra-

157 2725 323 2778 goediis
368 2725 460 2766 eius
505 2727 680 2766 exstant
725 2725 921 2778 exempla
968 2724 1023 2767 ad
1056 2723 1265 2777 originem
1296 2722 1594 2765 narrationum
1626 2725 1671 2765 et

158 2806 295 2849 genus
348 2793 692 2848 cognoscendum
744 2797 926 2848 propter
977 2793 1282 2847 antiquitatem
1345 2792 1672 2846 tragoediarum

159 2865 335 2908 maioris
358 2864 565 2908 momenti
596 2867 709 2915 sunt,
744 2863 996 2918 singillatim
1021 2864 1305 2918 disputemus.
1352 2861 1503 2917 Suppl.
1530 2866 1676 2905 600-

159 2938 270 2978 624;
316 2938 546 2990 postquam
591 2947 667 2977 rex
699 2947 736 2976 v.
770 2937 852 2976 523
898 2938 942 2977 et
975 2934 1151 2976 Danaus
1195 2946 1234 2976 v.
1268 2936 1349 2976 503
1394 2936 1443 2975 ut
1488 2932 1674 2975 contioni
