1950 3308
991 274 1279 312 -46-

390 399 643 441 quamquam
677 388 871 428 Priamus
919 398 964 428 se
1009 399 1180 429 servare
1213 390 1390 429 conatus
1424 388 1493 440 sit,
1536 401 1562 431 a
1588 386 1883 444 ‚Polymestore

390 457 551 499 occisus
585 457 660 510 sit;
695 468 732 496 v.
765 454 868 505 4516

562 526 688 565 δυοῖν
720 524 767 565 δὲ
797 524 979 586 παίδοιν
1014 524 1096 566 δύο
1127 525 1267 578 νεκρὼ
1299 526 1534 577 κατόψεται

561 594 713 647 μήτηρ,
746 592 853 647 ἐμοῦ
887 609 932 635 τε
963 600 1037 648 τῆς
1067 609 1113 635 τε
1145 595 1368 648 δυστήνου
1400 596 1536 649 κόρης

387 661 609 715 praefatur
654 666 836 705 matrem
878 663 983 705 duos
1016 663 1173 707 liberos
1207 676 1290 706 uno
1325 664 1393 706 die
1427 663 1677 707 defleturam
1709 675 1806 710 esse
1838 669 1883 708 et

387 744 453 773 vv.
485 731 618 786 47s50
649 731 835 785 explicat
866 733 1077 785 quomodo
1111 732 1188 775 hoc
1219 732 1411 775 futurum
1447 733 1514 777 sit.
1579 735 1706 777 Andr.
1740 737 1765 777 6
1798 735 1882 777 An-

389 801 620 852 dromacha
650 802 751 844 dicit
776 803 996 855 quomodo
1028 814 1074 844 se
1103 814 1214 843 nunc
1246 802 1425 845 habeat:

559 876 644 920 νῦν
666 870 703 911 δ’
737 871 779 912 εἴ
808 887 874 920 τις
904 871 1027 924 ἄλλη,
1061 871 1386 925 δυστυχεστάτη
1419 872 1533 925 γύνη
1629 921 1634 924 .

387 943 430 981 et
462 952 540 992 per
570 939 806 992 longiorem
840 940 1166 993 explicationem
1199 951 1335 993 usque
1368 940 1422 982 ad
1445 953 1482 983 v.
1506 944 1561 983 40
1593 940 1784 995 explicat
1803 954 1881 990 cur

385 1009 539 1051 mulier
578 1009 815 1051 miserrima
858 1010 926 1051 sit.
988 1022 1055 1050 vv.
1088 1012 1257 1051 45—55
1292 1009 1475 1063 denique
1507 1022 1582 1052 cur
1617 1010 1724 1053 haec
1755 1000 1880 1053 sedes
1942 1032 1946 1036 ν

387 1090 513 1131 quam
545 1091 610 1120 vv.
635 1082 807 1120 42—44
839 1078 1156 1132 δειματουμένη
1188 1077 1224 1120 δ’
1258 1077 1343 1132 ἐγὼ
1377 1079 1526 1133 δόμων
1557 1079 1774 1138 πάροικον
1799 1078 1879 1122 Θέ-

386 1149 506 1197 τιδος
538 1149 599 1197 εἰς
629 1146 876 1202 ἀνάκτορον
907 1148 1061 1189 θάσσω
1092 1147 1180 1189 τόδ’
1218 1146 1415 1190 ἐλθοῦσα
1445 1148 1660 1199 describit,
1693 1148 1774 1192 Sibi
1805 1149 1879 1191 ob-

386 1217 562 1259 tinenda
611 1218 679 1259 sit.
758 1217 926 1260 Heracl.
964 1221 1072 1259 1—5
1122 1217 1263 1260 Iolaus
1313 1218 1578 1261 sententiam:
1613 1229 1878 1263 communem

385 1287 559 1329 ineunte
600 1287 777 1340 prologo
815 1288 950 1340 ponit.
1013 1287 1133 1330 Hanc
1164 1287 1409 1330 narratione
1440 1287 1520 1330 fati
1550 1287 1876 1332 Heraclidamm

385 1356 570 1409 probare
611 1356 714 1399 vult.
778 1356 871 1407 Qua
905 1357 948 1398 in
979 1358 1239 1399 narratione
1264 1358 1368 1399 ordo
1399 1361 1640 1411 temporum
1671 1369 1755 1408 non
1788 1355 1877 1400 ser-

385 1430 530 1481 vatur3
580 1439 616 1469 e.
650 1439 688 1479 g.
727 1427 826 1478 15]ss
875 1430 1026 1469 narrat
1067 1427 1224 1469 liberos
1271 1427 1483 1470 erravisse
1527 1431 1572 1470 et
1618 1439 1685 1478 vv.
1721 1430 1873 1480 17sqq.

385 1507 535 1539 causas
568 1495 692 1538 affert
724 1508 810 1538 cur
839 1508 983 1538 errare
1016 1497 1150 1539 coacti
1181 1498 1266 1539 sint
1297 1509 1353 1539 sc.
1389 1496 1648 1550 Eurysthum
1680 1508 1754 1540 eos
1786 1509 1875 1549 oin-

384 1565 509 1608 nibus
549 1565 651 1607 locis
696 1566 924 1619 expulisse.
985 1566 1035 1608 In
1066 1566 1097 1607 I.
1121 1566 1167 1608 T.
1222 1566 1446 1619 Iphigenia
1487 1578 1604 1608 more
1638 1565 1874 1619 Euripideo

382 1635 566 1688 primum
608 1635 902 1688 genealogiam
947 1635 1112 1688 profert
1143 1639 1188 1678 et
1218 1636 1363 1678 statim
1408 1635 1707 1688 gravissimum
1738 1634 1874 1678 fatum

382 1717 447 1746 vv.
473 1708 583 1746 6-9
617 1705 737 1747 addit
768 1717 813 1746 se
846 1705 1001 1747 Aulide
1034 1718 1059 1747 a
1090 1709 1216 1759 patre
1247 1705 1512 1747 immolatam
1542 1717 1650 1748 esse.
1714 1704 1875 1748 Versus

385 1777 549 1816 10-41
578 1787 720 1816 veram
753 1775 1041 1817 narrationem
1073 1775 1313 1817 continent:
1347 1787 1443 1816 cum
1464 1775 1647 1828 primum
1671 1774 1723 1821 de
1745 1774 1875 1816 sacri-

382 1843 475 1885 ficio
508 1848 666 1894 narret,
701 1857 736 1885 v.
758 1848 809 1886 27
843 1845 885 1886 in
918 1857 967 1886 eo
1000 1848 1067 1886 est
1097 1856 1178 1896 quo
1212 1857 1248 1885 v.
1283 1847 1306 1885 9
1340 1844 1443 1898 fuit;
1478 1843 1631 1886 deinde
1661 1843 1873 1896 quomodo

383 1916 553 1969 servata
596 1913 652 1955 sit
695 1917 739 1954 et
782 1914 896 1954 tristi
943 1925 1116 1954 munere
1163 1913 1397 1955 sacerdotis
1442 1912 1661 1965 fungatur.
1723 1911 1874 1955 Brevis

382 1983 571 2024 narratio
604 1982 738 2024 somni
759 1981 1012 2034 insequitur.
1074 1981 1173 2022 Pari
1193 1981 1317 2022 modo
1343 1981 1610 2024 narrationes
1633 1984 1874 2025 ceterorum

382 2051 656 2104 prologorum
689 2053 1011 2104 componuntur.
1073 2049 1213 2092 Unum
1258 2050 1411 2092 saltem
1446 2050 1685 2104 exemplum
1719 2063 1772 2094 ex
1800 2064 1874 2105 po·

386 2121 557 2163 stremis
589 2120 822 2180 tragoediis
855 2118 1071 2172 Euripidis
1117 2120 1359 2161 accuratius
1406 2119 1657 2174 explanabo,
1719 2120 1769 2163 In
1801 2120 1874 2163 Or.

383 2190 555 2233 Electra
586 2203 694 2243 quae
725 2190 946 2232 exordium
975 2202 1000 2231 a
1030 2188 1120 2230 loco
1154 2190 1366 2231 communi
1398 2189 1501 2232 facit
1775 2207 1779 2211 ⁷

558 2261 638 2302 οὐκ
669 2258 787 2301 ἔστιν
818 2258 950 2302 οὐδὲν
982 2259 1131 2299 δεινὸν
1163 2255 1237 2300 ὧδ’
1270 2260 1414 2300 εἰπεῖν
1438 2258 1540 2309 ἔπος

557 2327 661 2371 οὐδὲ
691 2328 834 2377 πάθος
866 2326 970 2369 οὐδὲ
1001 2329 1209 2383 συμφορὰ
1241 2330 1473 2382 θεήλατος,

378 2440 381 2444 ,
557 2395 605 2452 ἧς
636 2398 717 2441 οὐκ
747 2397 802 2439 ἂν
832 2397 970 2451 ἄραιτ’
1003 2397 1142 2452 ἄχθος
1171 2396 1424 2452 ἀνθρώπου
1454 2398 1591 2452 φύσις

385 2471 433 2510 ut
461 2468 573 2511 hunc
617 2467 772 2521 probet
811 2467 966 2514 omnia*
994 2467 1104 2508 mala
1149 2467 1290 2508 clarae
1332 2468 1482 2510 domus
1514 2461 1761 2510 Atridarum
1794 2479 1875 2521 per

385 2537 671 2580 narrationem
703 2548 839 2590 usque
876 2535 930 2578 ad
961 2548 999 2577 v.
1025 2539 1071 2577 51
1098 2535 1284 2590 profert;
1319 2537 1472 2578 deinde
1494 2549 1532 2578 v.
1556 2539 1609 2578 52
1642 2535 1798 2578 ἐλπίδα
1829 2536 1880 2578 δὲ

386 2607 441 2661 δή
483 2605 560 2648 τιν’
607 2607 761 2661 ἔχομεν
810 2606 918 2648 ὥστε
960 2606 1019 2660 μὴ
1061 2610 1219 2647 θανεῖν
1264 2606 1318 2647 ad
1350 2606 1479 2648 aliam
1521 2617 1612 2648 rem
1641 2606 1798 2648 transit
1830 2608 1879 2647 et

385 2689 451 2719 vv.
486 2679 613 2727 53s61
649 2676 833 2730 explicat
867 2687 941 2717 cur
973 2676 1154 2717 salutem
1186 2687 1364 2728 sperare
1398 2675 1577 2729 possint.
1639 2687 1678 2717 v.
1702 2677 1755 2717 62
1787 2668 1890 2730 ἔχει’

387 2744 435 2787 δὲ
452 2746 506 2799 δή
522 2745 604 2787 τιν’
622 2746 793 2800 ἅλγεων
814 2747 1077 2799 παραψυχήν
1093 2745 1247 2787 iterum
1262 2745 1470 2798 proponit
1487 2745 1598 2798 quod
1618 2757 1686 2786 vv.
1703 2737 1876 2786 63—70

386 2815 553 2869 probat.
586 2840 642 2845 —
684 2815 774 2858 Hoc
818 2814 920 2857 mihi
964 2815 1320 2858 demonstravisse
1366 2814 1514 2856 videor
1556 2812 1877 2855 narrationibus

386 2885 658 2939 prologorum
690 2885 803 2938 quod
834 2883 1011 2927 formam
1044 2885 1198 2927 attinet
1228 2884 1331 2927 nihil
1366 2896 1461 2926 cum
1491 2882 1738 2925 nuntiorum
1770 2894 1871 2924 nar-
