1950 3308
236 991 443 1036 Definitio
488 992 741 1046 tragoediae
783 1003 910 1045 quam
945 990 1202 1034 Aristoteles
1234 994 1352 1045 poet.
1395 1003 1429 1034 c.
1463 990 1490 1032 6
1533 1003 1634 1044 pro—

118 1063 265 1119 posuit
308 1075 359 1106 eo
402 1063 639 1117 praecipue
681 1075 707 1104 a
749 1061 988 1116 tragoediis
1030 1060 1184 1104 Atticis
1231 1073 1342 1114 quae
1386 1061 1440 1103 ad
1485 1065 1636 1104 nostra

117 1138 319 1188 tempora
349 1135 574 1183 venerunt,
606 1131 763 1182 differt,
809 1132 923 1185 quod
955 1131 1227 1184 tragoediam
1258 1143 1344 1173 non
1375 1143 1456 1184 per
1485 1143 1635 1174 narra-

117 1204 281 1247 tionem
325 1200 416 1258 (καὶ
460 1203 520 1256 μὴ
561 1201 614 1244 δι’
649 1200 938 1257 ἀπαγγελίας)
977 1201 1054 1244 sed
1096 1213 1177 1255 per
1215 1201 1429 1244 actionem
1469 1201 1635 1244 animos

117 1274 310 1317 excitare
341 1273 594 1315 enuntiatur
608 1271 655 1328 ¹).
717 1272 827 1315 Nam
859 1274 1018 1326 poetae
1049 1272 1206 1325 tragici
1237 1271 1398 1314 saeculi
1429 1271 1466 1314 V
1497 1273 1636 1315 multa

116 1356 198 1398 per
219 1343 494 1387 narrationes
526 1343 570 1385 in
591 1346 887 1397 spectatorum
908 1342 1109 1385 notitiam
1131 1341 1279 1384 venire
1301 1341 1473 1384 volunt:
1507 1341 1635 1384 Euri-

67 1403 70 1405 *
116 1413 241 1468 pides
272 1413 346 1468 qui
376 1413 527 1467 primis
558 1412 717 1456 fabulis
749 1425 878 1455 unam
908 1412 1083 1467 longam
1113 1413 1408 1455 narrationem
1438 1412 1634 1455 inserens

115 1483 159 1527 in
194 1483 511 1538 posterioribus
553 1496 639 1526 non
678 1496 914 1537 numquam
959 1484 1067 1526 duas
1109 1483 1314 1534 admittit,
1362 1483 1636 1526 narrationes

116 1554 264 1609 potius
295 1555 409 1609 petit
451 1566 580 1608 quam
622 1553 734 1608 fugit
766 1557 898 1607 atque
929 1553 1060 1607 longa
1091 1554 1343 1596 narratione
1373 1553 1635 1607 aliquotiens

117 1624 322 1678 exprimit
367 1636 477 1678 quae
517 1624 667 1678 paucis
711 1624 856 1667 verbis
899 1623 1126 1666 absolvere
1179 1624 1326 1678 potuit
1368 1623 1489 1666 velut
1519 1624 1552 1666 Ι.
1586 1623 1634 1666 Τ.

118 1697 203 1738 238
221 1706 284 1748 sq.
346 1694 405 1737 Et
449 1695 564 1748 quod
606 1706 642 1736 e.
676 1706 717 1747 g.
750 1694 985 1748 Sophocles
1017 1694 1272 1737 Trachinias
1314 1695 1376 1736 ita
1418 1694 1637 1749 componit

116 1768 168 1808 ut
196 1764 303 1807 nihil
333 1768 436 1808 ante
459 1776 659 1807 scaenam
679 1767 838 1818 agatur
868 1764 946 1807 sed
977 1768 1073 1807 tota
1103 1765 1218 1807 actio
1241 1763 1414 1807 fabulae
1436 1765 1636 1818 personis

56 1887 60 1889 ‚
117 1835 219 1889 quid
262 1838 364 1889 post
407 1847 606 1878 scaenam
639 1838 809 1889 gestum
853 1835 910 1877 sit
941 1835 1219 1878 narrantibus
1264 1834 1517 1889 explicetur,
1564 1835 1639 1877 de-

115 1908 385 1948 monstratur
415 1909 570 1959 poetas
602 1905 792 1959 tragicos
824 1917 858 1947 s.
893 1905 929 1947 V
960 1906 1132 1948 omnino
1165 1904 1209 1948 id
1251 1917 1338 1947 non
1368 1905 1638 1959 spectavisse

118 1978 170 2018 ut
210 1975 323 2019 actio
364 1975 409 2018 in
441 1979 676 2030 conspectu
708 1978 928 2029 ageretur.
993 1976 1186 2018 Accessit
1219 1975 1335 2029 quod
1366 1976 1639 2018 narrationes

117 2058 172 2088 ex
202 2046 368 2101 origine
399 2047 655 2100 tragoediae
688 2049 733 2088 et
764 2050 922 2089 natura
943 2045 1190 2088 fabularum
1221 2047 1265 2088 in
1287 2047 1461 2088 theatro
1486 2047 1639 2088 docen-

119 2116 275 2159 darum
313 2116 587 2160 necessariae
629 2119 767 2159 erant.
829 2116 942 2158 Nam
982 2116 1253 2158 narrationes
1297 2128 1408 2169 quae
1452 2116 1640 2159 nuncin

118 2185 276 2230 fabulis
322 2186 478 2228 Atticis
525 2187 632 2229 satis
678 2186 842 2228 multae
890 2187 1196 2237 inveniuntur,
1253 2186 1314 2229 eis
1367 2187 1637 2240 temporibus

117 2255 274 2310 quibus
316 2267 428 2298 unus
472 2259 594 2299 actor
637 2256 806 2299 exstitit
849 2268 1051 2310 magnam
1096 2259 1266 2310 partem
1312 2256 1639 2310 tragoediarum

118 2325 361 2380 explevisse
403 2337 484 2380 pro
529 2329 648 2368 certo
688 2325 935 2368 habendum
987 2329 1066 2369 est.
1156 2326 1256 2369 Sine
1305 2326 1435 2369 dubio
1480 2330 1639 2381 poetae

117 2395 292 2452 saepius
324 2395 380 2438 ad
412 2395 684 2439 narrationes
716 2396 847 2439 etiam
891 2408 943 2438 ea
975 2396 1027 2438 de
1069 2408 1201 2439 causa
1232 2396 1491 2451 refugerunt
1523 2397 1640 2451 quod

118 2477 191 2509 res
223 2465 390 2520 amplas
433 2465 555 2509 velut
595 2466 763 2520 proelia
795 2466 1037 2520 (pedestria
1068 2466 1112 2508 in
1144 2467 1249 2510 Eur.
1282 2467 1454 2510 Heracl.
1488 2467 1640 2521 Suppl.

117 2538 194 2579 aut
230 2535 403 2579 navalia
435 2536 479 2578 in
512 2536 665 2580 Aesch.
699 2537 827 2592 Pers;
877 2537 982 2579 Eur.
1016 2536 1128 2588 Hel.‚
1163 2537 1194 2579 I.
1230 2537 1298 2593 T.)
1332 2542 1376 2580 et
1418 2538 1640 2580 contiones

118 2605 291 2660 (Aesch.
322 2605 498 2661 Snppl.;
546 2606 650 2649 Eur.
685 2606 779 2661 Or.)
828 2611 931 2650 ante
975 2619 1175 2650 scaenam
1223 2619 1377 2660 gerere
1423 2606 1640 2649 difficilius

108 2678 226 2718 erat.
289 2676 396 2718 Aliis
440 2676 486 2718 in
518 2677 758 2729 tragoediis
796 2690 867 2720 res
908 2680 1113 2720 enarrata
1161 2677 1196 2719 si
1231 2681 1331 2719 ante
1366 2676 1510 2720 oculos
1543 2679 1643 2719 acta

118 2748 250 2796 esset,
287 2744 466 2787 nimium
490 2746 700 2799 temporis
723 2747 1039 2800 occupavisset:
1073 2760 1108 2789 e.
1136 2759 1176 2800 g.
1211 2747 1255 2789 in
1286 2747 1507 2802 Euripidis
1538 2746 1641 2790 Ione

120 2825 255 2857 senex
300 2826 337 2857 v.
383 2818 493 2858 1047
542 2827 568 2857 a
609 2827 764 2858 scaena
811 2816 923 2868 abit,
971 2819 1015 2860 in
1060 2817 1312 2860 narratione
1355 2829 1393 2860 v.
1439 2820 1549 2860 1172
1599 2818 1644 2859 in

240 2945 274 2990 1)
302 2943 349 2980 cf.
376 2957 408 2981 v.
436 2945 694 2991 Wilamowitz‚
721 2946 829 2982 Herc.
857 2946 901 2990 1¹,
932 2948 997 2982 107
1011 2946 1048 2982 ff.

1323 3011 1342 3050 1
