1950 3308
339 429 453 473 λέων
486 429 614 478 ὅπως.
669 429 823 471 Phoen.
861 427 1014 476 138011
1061 425 1221 478 κάπροι
1263 424 1382 475 ὅπως
1423 427 1640 480 θήγοντες
1669 425 1829 483 ἀγρίαν

339 500 473 554 γένυν
496 502 511 553 Η
543 532 583 541 ..
610 532 616 539 .
651 498 778 552 ἀφρῷ
820 495 1047 550 διάβροχοι
1090 495 1329 548 γενείαδας.
1394 487 1565 538 Bacch.v
1593 495 1674 540 748
1717 497 1827 541 ὥστε

338 571 518 623 ὄρνιθες
541 568 746 621 ἀρθεῖσαι
773 566 941 621 δρόμῳς
990 568 1099 607 1056
1133 563 1391 607 ἐκλιποῦσαι
1412 565 1568 608 ποικίλ’
1603 566 1662 617 ὡς
1689 569 1828 611 πῶλοι

337 639 456 692 ζυγά.
509 637 790 678 1066-1067
825 635 934 677 ὥστε
965 633 1096 685 τόξον
1117 633 1142 688 ἢ
1164 635 1323 689 κυρτὸς
1345 636 1502 691 τροχὸς
1523 636 1539 689 ΙΙ
1560 637 1704 694 τόρνῳ
1718 625 1829 691 νγρα-ί

336 709 529 761 φόμενος
559 703 658 760 περὶ
692 705 840 759 φορὰν
871 703 1176 758 ἑλικόδρομον,
1213 704 1370 759 114112
1403 705 1463 755 ὡς
1492 705 1730 760 ὀρεστέρου
1759 698 1834 750 λεὲ

335 775 520 831 όντοςῑ).
553 800 609 805 --
640 775 791 828 Neque
835 775 947 828 quod
991 778 1245 827 argumenta
1287 774 1614 818 similitudinum
1657 776 1826 828 attinet,

333 845 419 888 ulla
443 844 684 887 differentia
715 847 782 887 est
808 844 921 886 inter
940 843 1210 886 narrationes
1241 846 1286 885 et
1307 843 1511 898 diverbia.
1562 845 1677 888 Sane
1697 849 1828 899 poeta

334 915 463 958 etiam
494 915 537 956 in
569 913 886 956 narrationibus
917 913 979 954 eis
1011 924 1113 955 usus
1146 916 1235 962 est,
1279 916 1327 954 ut
1359 913 1478 955 brevi
1509 913 1683 957 notione
1713 927 1825 958 com·
1892 939 1895 942 -

333 988 486 1038 parata
517 984 638 1025 nobis
669 982 897 1035 imaginem
930 982 973 1023 in
1003 985 1189 1023 mentem
1221 985 1415 1032 vocaret,
1463 981 1540 1025 sed
1570 982 1652 1026 hae
1681 980 1827 1027 simili-

334 1054 505 1097 tudines
536 1052 827 1095 narrationum
860 1063 944 1094 non
974 1051 1176 1105 propriae
1208 1054 1322 1093 sunt.

446 1123 634 1164 Nuntius
664 1122 903 1175 plerunque
934 1121 1020 1163 iam
1050 1120 1198 1174 primis
1230 1120 1372 1163 verbis
1403 1120 1576 1172 indicat,
1618 1133 1700 1175 quo
1731 1121 1825 1166 loco

332 1205 402 1235 res
435 1204 540 1245 quas
570 1194 822 1233 narraturus
854 1195 921 1233 est
952 1190 1197 1232 acciderint.
1249 1189 1333 1233 Sed
1359 1190 1559 1244 quoniam
1580 1191 1825 1235 narratione

331 1262 468 1315 magis
512 1261 564 1303 de
607 1260 801 1314 personis
845 1260 945 1313 quid
977 1259 1158 1302 fecerint
1188 1260 1299 1313 agit,
1348 1272 1445 1302 raro
1476 1261 1568 1304 loca
1598 1260 1824 1314 describit3

331 1331 380 1373 cf.
413 1330 542 1383 Hipp.
579 1331 766 1380 1198120

504 1396 596 1440 ἐπεὶ
629 1399 667 1439 δ’
700 1399 863 1453 ἔρημον
893 1405 1040 1452 χῶρον
1070 1398 1383 1452 εἰσεβάλλομεν

502 1467 609 1522 ἀκτή
640 1483 707 1517 τις
738 1469 829 1509 ἔστι
861 1466 1122 1509 τούπέκεινα
1152 1468 1284 1522 τῆσδε
1316 1474 1396 1522 γῆς

504 1538 616 1592 πρὸς
647 1538 814 1579 πόντον
845 1537 927 1591 ἤδη
960 1535 1136 1591 κειμένη
1169 1538 1448 1590 Σαρωνικόν.

329 1607 394 1649 his
418 1607 558 1650 verbis
578 1607 698 1650 locus
721 1606 978 1649 describitur
1000 1607 1072 1659 qui
1093 1607 1146 1648 ad
1169 1606 1552 1661 fatumHippolyti
1572 1617 1827 1660 cognoscen-

329 1677 428 1719 dum
450 1677 622 1718 maximi
643 1676 848 1718 momenti
870 1680 958 1727 est3
990 1688 1087 1718 nam
1110 1679 1290 1729 propter
1311 1676 1648 1719 exsecrationem
1669 1675 1826 1719 Thesei

325 1745 535 1799 pernicies
577 1747 619 1788 in
659 1746 786 1788 litore
817 1745 1040 1798 scopuloso
1082 1745 1172 1787 solo
1213 1744 1306 1787 fieri
1337 1736 1493 1798 potuit.
1554 1746 1586 1788 Ι.
1610 1745 1656 1788 Τ.
1690 1747 1828 1796 26213

501 1812 556 1867 ἦν
587 1830 653 1863 τις
685 1815 876 1869 διαρρὼξ
906 1814 1112 1867 κυμάτων
1143 1813 1294 1870 πολλῷ
1326 1814 1445 1870 σάλῳ
1517 1823 1520 1826 ’

500 1884 722 1931 κοιλωπὸς
752 1882 902 1936 ἀγμός,
935 1881 1289 1937 πορφυρευτικαὶ
1321 1883 1470 1937 στέγαι
1500 1930 1502 1933 .

326 1951 393 1993 hic
433 1951 664 2004 descriptio
696 1951 777 1994 loci
807 1952 1066 1993 narrationis
1097 1952 1361 2004 insequentis
1404 1964 1532 1995 causa
1563 1964 1647 1994 uon
1677 1964 1823 1996 neces·
1855 1974 1857 1976 ·

327 2022 439 2063 saria
482 2025 560 2071 est,
604 2021 680 2063 sed
724 2019 903 2063 efficitur
946 2021 1130 2074 primum
1173 2025 1222 2063 ut
1264 2022 1402 2064 locum
1445 2034 1528 2075 quo
1560 2021 1737 2064 Orestes
1779 2025 1825 2065 et

325 2090 509 2143 Pylades
532 2102 570 2131 v.
599 2091 678 2131 122
711 2090 919 2132 obeuntes
947 2102 992 2132 se
1014 2090 1285 2141 abdiderunt,
1319 2103 1636 2144 cognoscamus,
1669 2091 1824 2134 deinde

326 2164 374 2201 ut
404 2171 494 2201 rem
527 2159 618 2201 loco
649 2159 829 2202 actionis
862 2158 1033 2212 depicto
1067 2159 1217 2201 melius
1257 2163 1358 2202 ante
1397 2161 1541 2202 oculos
1572 2160 1821 2205 habeamus,

324 2229 490 2271 Eadem
524 2240 653 2270 causa
685 2228 814 2270 etiam
845 2228 887 2269 in
919 2227 1072 2270 Bacch.
1110 2228 1268 2283 105112
1303 2228 1439 2271 valet:

505 2283 559 2339 ἦν
591 2286 628 2327 δ’
662 2287 795 2339 ἄγκος
826 2285 1153 2339 ἀμφίκρημνον,
1185 2286 1317 2327 ὕδασι
1350 2286 1591 2341 διάβροχον

327 2359 532 2396 πεύκαισι
557 2355 806 2405 συσκιάζον.
854 2353 1088 2395 Praeterea
1118 2354 1201 2395 iam
1232 2354 1300 2396 hic
1322 2354 1448 2407 pinus
1470 2359 1826 2398 commemoratur
1873 2382 1878 2386 -

326 2436 410 2477 qua
442 2424 485 2465 in
516 2420 671 2466 arbore
703 2434 868 2464 summa
891 2421 1108 2464 Pentheus
1139 2422 1325 2475 ponitur.
1388 2423 1492 2465 Aliis
1523 2423 1626 2466 locis
1649 2424 1824 2466 nuntius

326 2493 546 2549 regionem
579 2492 698 2534 brevi
731 2491 925 2544 epitheto
947 2490 1173 2545 significat,
1206 2491 1324 2534 velut
1356 2492 1421 2534 El.
1444 2496 1525 2534 777
1548 2500 1676 2547 κυρεῖ
1705 2494 1743 2534 δ’
1775 2492 1824 2535 ἐν

319 2550 487 2617 κήποις
518 2561 820 2616 καταρρύτοις.
873 2560 1025 2603 Bacch.
1063 2564 1171 2603 1048
1204 2568 1382 2616 πρῶτον
1412 2559 1493 2614 μὲν
1523 2559 1605 2605 οὖν
1636 2563 1826 2616 ποιηρὸν

325 2634 476 2686 ἵζομεν
519 2631 657 2681 νάπος
698 2634 774 2673 aut
806 2630 973 2673 Herae-l.
1007 2631 1169 2679 849150
1214 2631 1499 2684 Παλληνίδος
1537 2631 1619 2685 γὰρ
1661 2633 1824 2685 σεμνὸν

327 2702 526 2755 ἐκπερῶν
569 2701 713 2755 πάγον
755 2701 850 2750 δίας
891 2701 1097 2754 Ἀθήνας,
1138 2700 1211 2742 ubi
1255 2699 1488 2742 Homerum
1530 2700 1744 2761 imitatur.
1772 2725 1822 2731 —

453 2820 487 2861 1)
513 2817 635 2851 Etiam
661 2817 697 2851 in
724 2816 895 2851 diverbiis
921 2814 1175 2851 similitudines
1210 2815 1394 2860 longiores
1431 2815 1551 2851 rarius
1586 2807 1823 2859 adhibentur3

332 2881 416 2913 sunt
453 2877 544 2911 hae:
586 2876 681 2910 Med.
716 2878 834 2920 523s4.
878 2875 964 2910 Hec.
990 2876 1069 2918 398,
1098 2876 1177 2910 608.
1204 2877 1284 2910 592.
1313 2875 1414 2909 1025.
1455 2873 1568 2909 Andr.
1597 2876 1674 2910 116.
1715 2873 1822 2930 Herc.

322 2932 388 2981 72,
415 2937 494 2980 510,
522 2936 602 2979 860,
629 2937 707 2969 soc.
746 2934 871 2979 Suppl.
897 2935 977 2978 448,
1005 2935 1082 2968 742.
1123 2933 1254 2968 Troad.
1285 2934 1386 2968 1298.
1421 2932 1478 2968 El.
1506 2934 1585 2968 748.
1611 2933 1690 2968 957.
1721 2933 1822 2968 1365.
