1950 3308
926 273 1209 312 —50-

329 389 432 441 eius,
475 388 588 442 quod
619 400 670 430 ea
700 387 754 428 ad
794 386 1006 427 actionem
1037 384 1218 428 maxime
1253 384 1398 429 valent
1428 399 1495 429 vv.
1531 390 1816 430 1133—1144

328 458 567 501 accuratius
612 455 835 506 describit;
877 467 975 496 nam
1014 454 1266 508 Talthybius
1312 467 1363 498 ea
1406 456 1460 498 de
1502 467 1630 501 causa
1669 461 1719 500 ut
1763 469 1816 500 ea

327 528 529 570 Hecubae
572 525 739 567 nuntiet
782 525 825 566 in
870 536 1067 566 scaenam
1111 525 1240 567 venit.
1303 525 1392 568 Nec
1433 525 1478 568 id
1509 526 1679 580 quidem
1711 539 1816 581 quo-

326 597 450 639 modo
477 596 695 647 Astyanax
725 597 905 636 mortem
944 594 1124 636 subierit
1155 598 1523 647 commemoratur,
1557 608 1816 650 quamquam

327 667 379 707 de
425 664 543 706 exitu
587 663 712 716 pueri
754 663 827 716 qui
866 675 904 705 v.
938 666 1020 706 798
1067 676 1093 706 a
1136 675 1290 706 scaena
1335 665 1545 708 abscessit
1590 665 1815 709 nescimus.

328 735 446 776 Unus
477 733 652 775 nuntius
683 733 727 775 in
758 732 916 775 Phoen.
953 736 1236 775 1217—1263
1270 734 1496 788 excipitur,
1537 735 1610 778 ubi
1641 735 1817 779 nuntius

325 802 505 845 formam
537 803 796 844 narrationis
828 802 881 844 de
903 802 1133 844 certamine
1155 802 1337 846 fratrum
1359 803 1504 847 futuro
1525 805 1818 848 accommodat

325 872 560 914 narrationi
601 872 654 914 de
693 883 839 925 pugna
870 871 1170 913 Thebanorum
1201 873 1543 927 Argivorumque
1573 873 1815 928 praeeunti.

325 942 382 984 Et
403 942 446 983 in
467 941 548 983 hac
569 953 653 983 una
675 940 752 983 tali
771 940 1020 983 narratione
1051 940 1328 994 inveniuntur
1348 942 1480 985 verba
1501 942 1664 987 directa
1684 943 1815 998 (1225

322 1014 507 1061 —1234‚
545 1010 716 1064 1250ll,
754 1009 931 1065 1252l3)
976 1013 1020 1052 et
1064 1014 1264 1054 accurate
1307 1011 1563 1055 describitur
1605 1012 1817 1066 quomodo
1856 1001 1858 1003 ’

324 1083 540 1122 certamen
576 1082 863 1133 praeparetur
895 1079 1234 1135 (1240—1258).

440 1149 583 1192 Etiam
613 1161 690 1192 eae
721 1149 990 1192 narrationes
1022 1162 1131 1203 quae
1164 1153 1212 1192 ut
1253 1153 1519 1204 spectatores
1550 1151 1818 1205 comperiant

325 1219 426 1271 quid
466 1222 566 1271 post
607 1231 804 1261 scaenam
835 1218 997 1261 factum
1028 1219 1084 1262 sit
1115 1219 1408 1273 proferuntur,
1449 1220 1670 1264 breviores
1702 1223 1814 1264 sunt.

323 1288 433 1330 Nam
465 1289 663 1342 quoniam
695 1301 773 1342 per
803 1289 881 1331 has
912 1290 1180 1332 narrationes
1217 1292 1264 1332 ut
1295 1290 1358 1332 ita
1389 1289 1526 1332 dicam
1554 1290 1713 1333 iterum
1742 1302 1817 1333 ex-

322 1358 510 1411 ponitur,
543 1359 587 1401 id
618 1359 755 1401 solum
787 1358 900 1412 quod
931 1359 986 1401 ad
1018 1359 1228 1402 actionem
1261 1360 1600 1413 cognoscendam
1622 1359 1729 1403 satis
1749 1363 1817 1402 est

324 1428 563 1479 continent3
605 1427 655 1470 cf.
686 1428 776 1470 Alc.
810 1430 1060 1483 751—7715
1105 1429 1201 1471 Hel.
1236 1432 1464 1471 515—527
1496 1431 1816 1472 et'530—539.

323 1496 472 1539 Bacch.
507 1500 749 1540 616-640.

1054 1622 1092 1661 3.

437 1698 502 1740 De
533 1699 850 1742 narrationibus
881 1711 992 1752 quae
1023 1700 1066 1741 in
1089 1698 1310 1752 Sophoclis
1342 1698 1578 1752 tragoediis
1607 1698 1825 1752 leguntur·

323 1768 621 1821 disputaturus
652 1768 820 1811 initium
850 1768 1004 1811 faciam
1034 1769 1088 1811 ab
1116 1769 1177 1811 eis
1200 1781 1380 1822 quarum
1401 1768 1538 1811 forma
1558 1768 1614 1811 ad
1632 1767 1815 1811 formam

322 1850 347 1879 a
377 1838 594 1879 Rassowio
627 1839 679 1880 de
711 1838 955 1891 Euripideis
986 1838 1147 1880 nuntiis
1180 1838 1458 1881 constitutam
1490 1838 1686 1891 quadrat.
1747 1837 1814 1878 Ita

321 1907 405 1948 iam
437 1906 680 1949 Rassowius
712 1907 735 1960 ἓ
761 1910 813 1948 10
844 1907 1044 1948 observat
1075 1907 1119 1947 in
1150 1907 1397 1948 universum
1428 1906 1600 1959 quidem
1630 1905 1812 1948 formam

322 1975 599 2029 Euripideam
629 1979 673 2018 et
694 1974 974 2029 Sophocleam
1006 1975 1185 2017 eandem
1217 1987 1311 2017 esse
1344 1974 1411 2017 vel
1433 1974 1703 2026 simillimam,
1736 1976 1814 2018 sed

323 2045 576 2099 Sophoclem
615 2057 701 2088 non
739 2048 829 2088 tam
864 2048 1003 2087 certas
1034 2044 1152 2097 leges
1185 2048 1233 2086 ut
1264 2044 1531 2087 narrationes
1562 2045 1812 2088 nuntiorum

322 2116 365 2157 in
409 2115 653 2169 tragoedias
695 2114 918 2157 induceret
958 2113 1202 2156 adhibuisse
1234 2126 1359 2167 quam
1391 2113 1642 2168 Euripidem
1673 2126 1813 2168 neque

321 2197 401 2238 per
432 2188 568 2227 totam
609 2185 740 2227 vitam
771 2185 854 2227 sibi
885 2183 1139 2233 constitisse,
1183 2183 1261 2225 sed
1292 2183 1465 2237 saepius
1495 2183 1676 2226 formam
1707 2195 1813 2226 nun-

322 2255 478 2296 tiorum
522 2257 818 2296 commutasse.
879 2253 1045 2295 Deinde
1079 2253 1130 2294 R.
1176 2253 1472 2296 demonstrare
1514 2256 1695 2295 conatur
1737 2252 1814 2295 So-

323 2323 518 2376 phoclem
562 2323 606 2365 in
652 2326 855 2376 quattuor
900 2324 1068 2364 tantum
1113 2321 1291 2372 fabulis,
1338 2322 1382 2364 in
1430 2321 1479 2364 Ο.
1498 2322 1548 2363 R.
1572 2321 1637 2364 El.
1662 2322 1813 2364 Trach.

325 2392 374 2435 O.
399 2392 458 2444 C„
491 2393 640 2436 eadem
671 2391 910 2435 constantia
940 2392 1004 2434 uti
1035 2404 1118 2444 qua
1139 2391 1403 2445 Euripidem,
1436 2391 1479 2432 in
1510 2391 1641 2433 Aiace
1668 2394 1813 2433 autem

324 2463 625 2517 Antigonaque
670 2462 888 2516 propriam
931 2461 1043 2503 viam
1088 2461 1269 2514 ingredi.
1331 2460 1457 2503 Unde
1501 2460 1552 2502 R.
1598 2459 1813 2502 concludit

324 2532 575 2587 Euripidem
603 2533 789 2586 primum
819 2531 999 2574 formam
1031 2531 1159 2573 certis
1189 2530 1359 2583 legibus
1390 2530 1611 2572 astrictam
1643 2529 1813 2583 excogi-

325 2607 442 2645 tasse
483 2606 527 2645 et
558 2601 810 2656 Sophoclem
854 2601 908 2643 ab
950 2612 1001 2642 eo
1044 2599 1135 2644 fere
1177 2603 1374 2653 tempore
1417 2611 1500 2652 quo
1537 2598 1730 2652 Oedipus
1761 2598 1811 2640 R.

326 2673 566 2725 conscripta
596 2672 666 2722 sit,
698 2670 877 2714 formam
907 2682 1001 2712 cum
1023 2668 1355 2711 Atheniensibus
1385 2667 1599 2722 placuisse
1619 2667 1811 2720 vidisset,

325 2742 369 2783 in
400 2753 522 2783 usum
554 2754 677 2784 suum
709 2741 967 2784 convertisse
998 2742 1222 2792 totumque
1255 2750 1301 2781 se
1332 2738 1388 2781 ad
1419 2738 1662 2792 exemplum
1688 2738 1813 2780 Euri-

319 2810 501 2865 pideum
541 2811 799 2865 applicuisse
831 2834 887 2841 —
917 2809 1041 2860 Sane,
1082 2809 1163 2851 hoc
1205 2809 1390 2852 concedo
1422 2807 1674 2862 Euripidem
1706 2819 1812 2849 cer-

327 2883 435 2923 tam
466 2892 593 2933 quam
623 2881 667 2922 in
697 2878 929 2935 tragoediis
961 2878 1052 2921 eius
1083 2878 1322 2922 invenimus
1353 2877 1532 2920 formam
1562 2876 1811 2919 nuntiorum
