1950 3308
954 319 1243 357 -34—

354 441 605 480 923—927:
653 436 826 477 nuntius
858 447 883 476 a
915 432 1133 476 sacrificiis
1180 434 1344 485 paratis
1386 427 1563 477 narrare
1605 435 1757 490 incipit
1799 438 1846 479 et

353 508 481 556 925s7
528 505 728 557 exprimit
758 503 1019 545 hilaritatem
1066 507 1125 544 et'
1151 503 1359 556 pietatem
1402 515 1511 556 quae
1551 504 1595 546 in
1625 504 1843 549 sacrificiis

350 575 623 617 instituendis
652 585 1033 626 onmemquemque
1065 577 1109 614 et
1141 573 1264 625 quasi
1295 576 1409 615 totas
1441 574 1570 616 aedes
1600 577 1648 616 et
1674 583 1842 621 omnem

349 657 436 686 rem
470 643 685 694 affecerit3
718 643 797 685 hoc
827 655 878 684 ex
909 640 1004 696 ipsa
1036 643 1324 695 desciiptione
1357 643 1676 696 cognoscimus;
1707 643 1770 687 cf.
1821 638 1823 641 ’

522 725 697 779 χορὸς
727 722 775 766 δὲ
806 726 1205 778 καλλίμορφος
1238 725 1427 778 εἱστήκει
1457 724 1623 770 τέκνων
1820 772 1821 777 ¹

524 796 664 852 πατήρ
696 809 741 835 τε
772 793 960 853 Μεγάρα
990 792 1040 843 τ’,
1073 792 1121 834 ἐν
1151 793 1333 848 κύκλῳ
1365 793 1402 835 δ’
1435 795 1517 848 ἤδη
1548 801 1766 838 κανοῦν
1812 816 1830 834 0

522 864 736 905 εἵλικτο
767 865 911 919 βωμῷ,
945 861 1127 916 φθέγμα
1162 861 1197 903 δ’
1234 861 1396 904 ὅσιον
1426 863 1614 918 εἴχομεν.

347 944 506 987 Omnes
538 946 591 986 ad
627 957 745 986 aiam
775 944 887 985 Iovis
920 947 1057 985 stant:
1089 942 1214 985 liberi
1245 947 1372 996 pater
1404 956 1531 996 uxor3
1563 945 1606 987 in
1638 945 1835 990 canistris

345 1015 393 1055 τὸ
424 1014 592 1068 ἄλφεον
624 1014 767 1065 adest3
814 1014 898 1055 iam
942 1025 1095 1055 canere
1126 1013 1334 1065 incipiunt
1349 1011 1395 1067 1).
1458 1013 1664 1057 Miramur
1697 1009 1836 1069 artem

344 1087 498 1136 poetae
531 1083 603 1135 qui
633 1083 824 1125 insaniae
847 1080 1047 1124 Herculis
1075 1082 1410 1135 descriptionem
1440 1083 1616 1136 pietatis
1648 1089 1694 1126 et
1723 1088 1843 1142 tran-

344 1152 569 1205 quillitatis
614 1152 849 1205 praemisit.
894 1176 948 1181 —
994 1152 1176 1206 Saepius
1224 1152 1268 1201 in
1312 1152 1602 1206 descriptione
1644 1152 1840 1197 sacrificii

343 1223 461 1265 brevi
495 1222 773 1264 enuntatione
805 1222 978 1264 additur
1001 1234 1147 1264 omnes
1177 1222 1384 1264 tacuisse:
1417 1222 1497 1265 hoc
1518 1223 1839 1266 demonstratur

343 1304 488 1334 omnes
511 1292 784 1334 sanctitatem
809 1291 987 1333 actionis
1021 1291 1234 1342 sensisse3
1267 1289 1319 1333 cf.
1342 1290 1443 1333 Hec.
1467 1293 1565 1333 533.
1594 1291 1684 1348 Ion.
1713 1295 1838 1335 1194.

340 1362 494 1404 Bacch.
535 1365 707 1410 1084s5.
1148 1411 1150 1413 ‚
1582 1412 1585 1414 ⁴

457 1431 598 1473 Mores
618 1431 836 1475 hominum
857 1431 1033 1473 nuntius
1064 1431 1303 1484 plerunque
1337 1442 1420 1472 non
1451 1430 1556 1484 ipsis
1587 1430 1735 1473 verbis·
1763 1430 1838 1474 de-

339 1501 491 1554 pingit,
539 1501 615 1542 sed
647 1512 719 1542 eos
751 1512 803 1541 ex
834 1500 961 1542 rebus
994 1512 1100 1552 quas
1130 1500 1325 1542 homines
1358 1505 1492 1553 agunt
1523 1499 1834 1558 cognoscimus.

341 1570 629 1621 Quamobrem
672 1571 715 1612 in
757 1569 970 1612 nonnullis
1015 1573 1184 1611 tantum
1216 1569 1535 1624 narrationibus
1575 1580 1716 1626 mores
1759 1569 1836 1626 ho-

342 1641 502 1682 minum
534 1653 586 1682 ex
617 1640 745 1682 rebus
776 1640 962 1681 narratis
984 1639 1237 1681 concludere
1267 1650 1494 1692 possumus
1508 1636 1555 1693 2).
1607 1637 1832 1692 Optimum

343 1703 583 1763 exemplum
624 1710 778 1751 Medea
822 1709 1025 1762 praebet3
1077 1708 1252 1750 nuntius
1296 1708 1408 1749 enim
1460 1696 1601 1751 mores
1643 1706 1833 1766 Creusae

341 1792 393 1821 ea
424 1781 476 1821 de
510 1792 638 1822 causa
669 1779 782 1832 quod
814 1778 975 1821 Creusa
1006 1778 1122 1820 nullo
1153 1778 1245 1820 loco
1277 1778 1529 1830 tragoediae
1559 1778 1604 1819 in
1633 1777 1833 1820 scaenam

342 1849 459 1890 venit
501 1849 819 1890 accuratissime
871 1848 1095 1889 describit:
1148 1848 1270 1899 virgo
1317 1859 1427 1899 quae
1478 1858 1623 1888 amore
1669 1845 1834 1888 Iasonis

342 1917 514 1960 calescit
545 1929 747 1969 sponsum
778 1917 1009 1958 intrantem
1042 1915 1173 1956 oculis
1204 1915 1340 1967 capit,
1386 1915 1461 1956 sed
1491 1914 1648 1963 liberos
1683 1913 1832 1957 videns

341 1987 487 2029 statim
512 1998 565 2029 se
596 1986 766 2028 avertit,
801 1983 916 2026 Cur?
967 1984 1065 2026 Mea
1099 1984 1270 2036 quidem
1302 1983 1516 2025 sententia
1547 1982 1710 2039 Creusa
1742 1984 1834 2026 odit

340 2056 499 2098 liberos
542 2055 626 2097 alia
679 2059 815 2098 matre
856 2058 979 2096 natos
1023 2053 1135 2106 quod
1181 2052 1373 2094 meminit
1414 2051 1610 2094 Iasonem
1655 2052 1828 2103 liberos,

340 2127 522 2179 pignora
552 2125 708 2178 prioris
738 2124 913 2173 amoris,
959 2125 1173 2165 amantem
1213 2134 1259 2163 se
1300 2133 1385 2162 non
1415 2125 1645 2174 tantopere
1686 2134 1832 2165 amare

318 2208 469 2248 rqualn
510 2196 545 2237 si
584 2195 708 2237 liberi
749 2207 833 2236 non
873 2193 1087 2235 adessent.
1138 2189 1199 2232 Et
1232 2190 1420 2233 Creusae
1450 2202 1535 2233 non
1565 2195 1655 2233 tam
1690 2191 1832 2234 verbis

339 2265 503 2307 Iasonis
544 2277 670 2317 quam
711 2264 849 2307 donis,
870 2261 1174 2315 persuadetur..
1233 2260 1387 2302 Statim
1420 2265 1584 2302 vestem
1614 2260 1755 2303 induit
1785 2265 1830 2303 et

341 2346 538 2376 coronam
581 2346 755 2376 auream
797 2332 927 2386 capiti
969 2330 1149 2383 imponit
1193 2334 1234 2371 et-
1282 2332 1383 2371 ante
1426 2329 1645 2382 speculum
1692 2330 1830 2374 crines

341 2402 782 2457 componit31163l6
819 2401 1057 2456 puellarum
1104 2412 1219 2442 more
1267 2403 1517 2474 ornamento
1565 2399 1827 2442 delectatur

340 2474 461 2547 quasi
492 2474 624 2516 oculis
655 2472 840 2526 puellam
871 2471 1084 2515 videmus:

511 2541 671 2584 κᾶπειτ’
707 2539 909 2583 ἀναστᾶσ’
944 2540 990 2581 ἐκ
1021 2540 1204 2593 θρόνων
1236 2536 1452 2592 διέρχεται

513 2611 735 2665 στέγας,
769 2610 943 2665 ἁβρὸν
975 2610 1192 2663 βαίνουσα
1222 2607 1517 2664 παλλεύκῳ
1548 2605 1684 2649 ποδὶ

513 2682 674 2735 δώροις
702 2679 1031 2734 ὑπερχαίρουσα
1062 2677 1240 2719 πολλὰ
1270 2676 1546 2725 πολλάκις
1575 2697 1579 2701 -

515 2749 679 2792 τένοντ’
712 2748 757 2799 ἐς
787 2749 960 2803 ὄρθου
993 2748 1155 2801 ὄμμασι
1185 2744 1479 2800 σκοπουμένῃ.

461 2880 501 2931 1)-
522 2879 669 2914 verbum
696 2883 814 2923 σιωπῇ
840 2889 870 2912 v.
898 2879 967 2912 930
992 2876 1063 2911 iam
1089 2875 1135 2910 ad
1160 2875 1339 2910 insaniam
1362 2872 1530 2908 Herculis
1558 2871 1730 2917 pertinet.

458 2940 496 2984 2)
523 2938 568 2974 cf.
593 2938 655 2973 Ivo
681 2938 811 2981 Bruns,
836 2937 912 2972 Das
937 2935 1165 2971 literarische
1191 2935 1351 2977 Portrat‚
1377 2944 1412 2977 p.
1439 2934 1484 2967 58
1496 2930 1570 2966 ff.·'
