1936 3276
922 250 1210 289 *52—

322 375 379 405 sc.
412 374 558 405 omnes
580 363 762 415 Argivos
794 362 849 404 ad
872 373 1003 403 unum
1025 360 1249 415 Supplices
1271 363 1476 406 adiuvare
1495 369 1672 418 paratos
1694 377 1812 418 esse;

321 437 549 486 praeterea
580 432 630 473 cf.
664 431 875 484 quomodo
907 443 983 474 rex
1014 431 1224 475 transitus
1255 432 1388 476 faciat
1420 446 1459 476 v.
1492 437 1574 478 608

495 501 674 555 ἔφριξεν
705 501 841 554 αἰθὴρ
873 502 1041 543 τόνδε
1072 503 1429 557 κραινόντων
1461 505 1635 558 λόγον

322 577 365 615 et
398 584 437 613 v.
471 573 551 611 615
595 569 773 612 τοιάνδε
815 571 966 613 ἔπειθε
1011 570 1140 626 ῥῆσιν
1187 570 1289 626 ἀμφ’
1330 572 1454 627 ἡμῶν
1498 571 1652 628 λέγων.
1697 573 1812 618 Talis

321 640 509 683 narratio
541 639 771 693 imaginem
802 652 944 683 rerum
966 640 1010 683 in
1032 641 1228 684 contione
1251 645 1472 695 gestarum
1494 655 1578 686 non
1599 643 1808 698 depingit.

320 710 441 751 —In
474 709 720 751 narratione
750 709 978 753 Persarum
994 709 1025 766 ¹)
1057 713 1282 753 176-215
1315 712 1471 755 Atossa
1494 725 1559 755 vv.
1586 716 1813 759 176—180

321 779 562 821 exorditur:
607 791 838 832 numquam
880 791 1004 822 omen
1047 782 1234 822 mentem
1277 792 1417 823 meam
1447 781 1509 824 ita
1538 784 1813 836 perturbavit

321 852 369 892 ut
389 849 432 891 id
455 849 568 902 quod
598 848 725 891 hodie
756 849 863 900 vidi3
896 849 1043 902 itaque
1074 849 1193 891 vobis
1225 861 1405 892 narrare
1436 850 1480 892 in
1501 851 1641 894 animo
1662 852 1812 896 habeo,

320 919 532 961 Accurata
571 918 812 971 insequitur
857 918 1087 972 descriptio
1129 931 1238 972 quae
1271 919 1372 972 quia
1403 919 1456 962 de
1488 919 1654 964 duabus
1682 922 1814 967 rebus

320 992 387 1032 est
418 989 460 1030 in
493 989 598 1030 duas
630 991 777 1041 partes
813 988 1031 1031 dividitur.
1092 989 1214 1031 Prior
1245 1001 1346 1042 pars
1380 1002 1416 1031 v.
1450 989 1536 1033 200

494 1056 565 1099 καὶ
597 1064 731 1100 ταῦτα
762 1058 843 1112 μὲν
875 1059 929 1112 δὴ
959 1059 1119 1108 νυκτὸς
1148 1060 1332 1101 εἰσιδεῖν
1362 1058 1488 1113 λέγω,

321 1140 403 1181 quo
446 1140 571 1170 versu
612 1129 802 1171 narratio
843 1130 1070 1183 rumpitur,
1113 1128 1262 1171 finitur
1303 1133 1348 1172 et
1392 1133 1486 1173 tota
1522 1131 1712 1174 narratio
1745 1144 1812 1175 vv.

321 1200 464 1242 21014.
499 1222 549 1228 -
585 1197 707 1248 Quod
738 1199 898 1241 Atossa
930 1198 1139 1241 somnium
1171 1203 1215 1241 et
1249 1199 1476 1253 augurium
1508 1200 1680 1243 senibus
1710 1205 1811 1244 ante
1850 1235 1854 1239 .

321 1267 464 1309 oculos
495 1279 655 1320 ponere
688 1269 778 1310 vult
810 1266 878 1324 (cf.
903 1281 941 1311 v.
970 1270 1094 1313 171l2
1116 1271 1161 1311 et
1185 1282 1250 1312 vv.
1275 1272 1356 1311 215
1370 1269 1465 1324 sq.)‚
1499 1282 1551 1312 ea
1582 1269 1814 1324 diligenter

322 1336 524 1379 describit
555 1339 599 1378 et
631 1337 771 1379 omnia
802 1336 927 1380 affert
958 1350 1069 1391 quae
1101 1341 1204 1391 apta
1234 1342 1347 1382 sunt.
1409 1339 1474 1381 De
1506 1351 1551 1382 se
1574 1342 1719 1382 autem
1739 1339 1814 1382 ubi
1857 1363 1860 1367 ·

321 1407 530 1449 somnium
573 1406 729 1449 viderit
775 1411 818 1449 et
865 1408 1076 1461 quomodo
1121 1411 1329 1451 nocturno
1374 1409 1464 1452 viso
1510 1421 1716 1463 percussa
1757 1409 1814 1453 sit

319 1476 425 1518 nihil
469 1480 630 1528 narrat,
678 1489 772 1519 cum
815 1478 859 1519 in
902 1478 1038 1520 altero
1084 1478 1282 1531 prodigio
1328 1479 1541 1521 narrando
1587 1491 1652 1522 vv.
1684 1478 1813 1523 20114

320 1546 574 1599 praemittat
604 1558 651 1589 se
682 1559 776 1589 cum
808 1547 978 1590 famulis
1010 1547 1100 1591 deis
1132 1548 1470 1602 supplicaturam
1493 1560 1594 1592 aves
1615 1559 1812 1603 pugnan-

322 1619 389 1658 tes
422 1615 598 1668 vidisse3
633 1615 683 1658 cf.
711 1629 748 1658 v.
773 1620 855 1659 205
889 1617 976 1671 ὁρῶ
1008 1616 1069 1671 δέ,
1102 1618 1215 1670 quod
1246 1618 1498 1671 saepissime
1529 1619 1582 1660 ab
1603 1616 1814 1672 Euripide

322 1685 401 1727 hoc
432 1684 523 1727 loco
555 1685 740 1738 ponitur.
1412 1695 1414 1697 ·
1823 1696 1825 1699 ⁴

439 1754 530 1796 Hac
574 1756 819 1798 narratione
865 1756 1077 1799 adventus
1120 1757 1259 1799 nuntii
1304 1757 1377 1810 qui
1423 1769 1461 1800 v.
1493 1760 1577 1799 249
1619 1756 1816 1810 procedit

322 1826 620 1877 praeparatur.
656 1825 869 1878 ‚Nuntius
910 1826 1031 1867 clade
1061 1825 1290 1867 Persarum
1324 1825 1556 1868 Salaminia
1587 1825 1814 1867 vehemen-

322 1893 486 1936 tissime
531 1891 712 1935 afflictus
765 1906 870 1935 onus
916 1906 1058 1935 rerum
1110 1895 1331 1946 questibus
1379 1907 1403 1936 e
1446 1897 1622 1946 pectore
1669 1893 1814 1937 effusis

323 1963 534 2006 sublevat.
608 1963 726 2005 Inter
769 1962 845 2004 hos
891 1966 1067 2015 questus
1112 1962 1260 2015 paucis
1309 1963 1449 2005 verbis
1491 1963 1814 2017 comprehendit

322 2036 459 2075 totam
500 2032 788 2075 calamitatem
833 2031 1062 2074 Persarum
1106 2030 1176 2085 (cf.
1212 2033 1340 2073 25112
1384 2035 1428 2074 et
1469 2033 1584 2087 255),
1629 2033 1683 2075 de
1730 2045 1815 2086 qua

325 2102 478 2145 deinde
509 2115 601 2145 cum
635 2102 761 2144 choro
792 2102 959 2144 locutus
993 2100 1151 2143 certius
1183 2100 1340 2153 refert3
1374 2101 1424 2144 cf.
1459 2104 1584 2146 26011
1619 2105 1664 2145 et
1686 2105 1812 2147 26617

324 2175 473 2214 narrat
516 2184 562 2214 se
605 2184 861 2224 quamquam
903 2171 1031 2213 rebus
1074 2171 1265 2213 adversis
1312 2170 1558 2214 interfuerit
1599 2175 1815 2215 servatum

326 2254 444 2292 esse3
478 2243 522 2283 et
553 2254 619 2283 vv.
642 2242 768 2285 272l3
802 2244 846 2282 et
874 2243 1000 2283 27819
1024 2239 1176 2282 Persas
1209 2241 1325 2294 apud
1357 2239 1639 2284 Salamina
1668 2253 1815 2295 pugna

325 2310 467 2353 navali
497 2310 676 2364 periisse
707 2313 750 2352 et
782 2322 847 2351 vv.
871 2309 998 2351 28415
1032 2308 1315 2352 Athenienses
1349 2314 1450 2352 ante
1482 2314 1649 2354 ceteros
1681 2310 1814 2353 Grae-

326 2392 397 2422 cos
429 2380 571 2422 Persis
611 2379 719 2422 banc
758 2378 922 2421 cladem
961 2378 1169 2420 intulisse.
1233 2379 1323 2421 Iam
1355 2380 1510 2423 Atossa
1550 2383 1674 2422 tanta
1703 2379 1814 2421 cala-

326 2450 478 2492 mitate
509 2461 715 2507 oppressa
734 2459 786 2490 ex
807 2460 962 2502 magno
985 2460 1178 2490 maerore
1201 2450 1390 2492 animum
1411 2449 1565 2503 recipit
1587 2452 1632 2492 et
1651 2449 1816 2500 cladem

328 2519 557 2562 Persarum
594 2519 851 2572 comperisse
883 2518 1012 2572 cupit.
1075 2518 1182 2561 Tota
1213 2519 1404 2561 narratio
1437 2519 1489 2561 de
1519 2531 1667 2572 pugna
1697 2518 1814 2561 Sala·

328 2589 458 2631 minia
486 2593 531 2631 et
561 2588 702 2631 reditu
733 2588 960 2630 Persarum
991 2589 1033 2629 in
1065 2588 1248 2642 quinque
1280 2591 1429 2642 partes
1460 2587 1636 2644 (sepono
1669 2600 1706 2630 v.
1730 2590 1812 2629 299

330 2663 373 2700 et
405 2672 440 2700 v.
469 2659 571 2713 349)
610 2658 901 2701 distribuitur:
944 2660 1171 2701 302—328
1214 2658 1385 2701 nomina
1427 2670 1574 2701 eorum
1613 2658 1687 2712 qui
1716 2669 1814 2711 per·
1887 2696 1890 2699 .

329 2727 472 2769 ierunt
494 2727 742 2779 afferuntur,
767 2729 992 2770 337—343
1016 2727 1169 2770 Persas
1185 2740 1363 2771 numero
1380 2728 1551 2770 navium
1567 2726 1814 2780 superiores

452 2867 486 2911 1)
513 2866 558 2902 cf.
587 2878 616 2901 v.
636 2868 719 2902 Wil.
746 2868 868 2904 Herm.
895 2869 950 2903 32.
