1950 3308
707 258 991 297 -45—

14 373 17 376 ’
48 367 139 413 ³²
181 372 357 418 “Priore
398 372 443 416 in
482 377 609 427 parte
650 372 928 427 prologorum
960 371 1087 427 ῥῆσις
1122 383 1206 425 qua
1238 382 1426 425 persona
1458 370 1604 423 aliqua

44 433 166 509 {res
198 445 306 488 ante
336 443 506 487 initium
538 442 793 497 tragoediae
825 446 972 496 gestas
1005 442 1197 484 breviter
1228 441 1418 495 exponit,
1458 442 1604 495 potius

42 506 176 572 '‘fsst‘pei·
202 513 386 558 formam
419 513 719 568 explicationis
751 525 879 567 quam
910 511 1172 566 narrationis
1195 510 1429 565 profertur.
1495 510 1604 554 Cum

40 585 204 631 ,fenim
235 584 364 628 homo
396 585 654 639 quicumque
687 586 805 625 recte
826 593 1008 624 narrare
1030 581 1122 623 vult
1144 581 1286 623 onmia
1309 593 1389 635 per
1409 581 1604 624 ordinem

20 658 337 715 §.temporum
378 653 612 708 explanare
645 652 817 706 debeat,
863 653 906 694 in
948 651 1140 706 prologis
1172 651 1359 705 primum
1390 664 1461 695 res
1494 663 1604 705 quae

43 743 55 782 .'.
82 737 204 787 *nunc
245 724 346 776 sint,
396 726 701 779 proponuntur
745 726 789 764 et
835 721 983 764 verbis
1021 722 1348 775 insequentibus
1391 734 1444 764 ex
1475 721 1607 764 rebus

86 806 202 852 ‘quae
219 791 326 839 'tunc
347 797 486 845 erant,
520 793 800 847 explicantur.
849 791 973 843 Quod
995 791 1205 845 exemplis
1227 792 1571 836 demonstremus
1595 806 1603 834 :

89 859 184 911 Ale.
217 866 288 917 ll2
333 863 490 922 Apollo
537 876 583 907 se
630 875 891 918 quamquam
935 863 1062 905 deum
1106 861 1291 905 hominis
1335 862 1378 904 in
1425 862 1607 905 aedibus

32 930 348 980 '³‘servitutem
380 934 533 978 tulisse
565 934 716 988 primis
748 933 892 976 verbis
924 933 1109 976 indicat:

269 1006 324 1048 Ὧι
355 1005 515 1059 δώματ’
543 1002 768 1059 Ἀδμήτει’,
802 1003 851 1046 ἐν
882 997 950 1053 οἷς
979 1001 1111 1058 ἔτλην
1142 1002 1227 1057 ἐγὼ

47 1112 49 1119 2
195 1118 199 1123 ,
273 1079 454 1130 θῆσσαν
485 1074 706 1131 τράπεζαν
737 1072 910 1116 αἰνέσαι
942 1074 1051 1123 θεός
1082 1087 1164 1127 περ
1197 1073 1260 1115 ὥν

31 1133 164 1203 ‚svm
197 1149 310 1189 3—7
343 1145 473 1188 huius
505 1143 670 1187 consilii
701 1156 854 1187 causas
887 1142 1034 1194 affert3
1069 1142 1224 1186 deinde
1256 1154 1323 1185 vv.
1357 1144 1470 1184 8-9
1504 1141 1607 1184 dicit

31 1216 58 1250 -2‘
79 1227 141 1260 *se
172 1215 345 1260 do'm'um
379 1215 553 1258 Admeti
584 1214 755 1257 noniam
789 1225 965 1257 servare
996 1225 1145 1267 posse:

267 1284 419 1328 ἐλθὼν
450 1284 500 1327 δὲ
529 1291 664 1339 γαῖαν
693 1283 814 1340 τήνδ’
849 1282 1166 1339 ἐβουφόρβουν
1199 1282 1309 1339 ξένῳ

269 1353 344 1399 καὶ
375 1354 508 1399 τὸνδ’“
528 1353 694 1409 ἔσῳζον
725 1351 851 1398 οἶκον
883 1353 929 1404 ἐς
958 1351 1045 1396 τόδ’
1086 1353 1259 1408 ἡμέρας.

25 1430 45 1482 g
97 1426 294 1472 versibus
337 1425 667 1480 insequentibus
712 1428 877 1468 10—21
926 1425 1028 1467 item
1073 1423 1262 1478 explicat
1307 1423 1521 1477 quomodo
1565 1426 1610 1464 et

25 1489 43 1536 Τ
89 1488 255 1552 'quibus
286 1495 343 1540 de
373 1495 513 1539 causis
546 1496 718 1538 domum
751 1498 970 1537 servatam
1002 1507 1138 1548 usque
1169 1494 1223 1537 ad
1256 1493 1370 1536 hunc
1403 1493 1529 1545 diem,
1567 1491 1612 1542 ἐς

98 1567 194 1610 τόδ’
224 1565 404 1622 ἡμέρας,
447 1565 620 1608 uoniam
665 1577 838 1608 servare
879 1564 1029 1619 possit.
1092 1564 1206 1607 Med.
1230 1567 1280 1606 16
1313 1563 1461 1606 nutrix
1491 1566 1610 1616 post-

97 1649 226 1692 quam
258 1636 402 1680 verbis
434 1648 590 1690 magno
623 1648 716 1678 cum
750 1634 908 1678 affectu
940 1634 1086 1678 effusis
1118 1647 1184 1676 vv.
1222 1638 1361 1676 1—15
1395 1646 1465 1676 res
1498 1645 1610 1687 quae

98 1711 201 1752 ante
231 1706 379 1762 fugam
411 1705 577 1750 Iasonis
609 1709 654 1748 et
682 1705 864 1748 Medeae
897 1710 1047 1759 gestae
1084 1704 1170 1748 sint
1202 1704 1471 1759 perstrinxit,
1505 1704 1610 1747 dicit

23 1800 28 1812 ‹
95 1777 312 1833 quomodo
343 1789 415 1820 res
445 1788 493 1819 se
524 1788 638 1818 nunc
669 1775 878 1818 habeant:

22 1838 27 1843 ’
271 1852 360 1890 νῦν
390 1845 532 1902 ἐχθρὰ
562 1845 708 1888 πάντα
738 1843 811 1887 καὶ
843 1852 970 1887 νοσεῖ
999 1845 1050 1887 τὰ
1081 1847 1271 1900 φίλτατα

97 1917 213 1973 quod
244 1929 298 1961 ex
341 1917 472 1960 rebus
515 1928 627 1971 quae
659 1915 855 1959 Corinthi
899 1919 998 1969 post
1031 1916 1264 1958 adventum
1297 1914 1462 1956 Iasonis
1500 1913 1609 1956 acci-

21 2006 26 2025 2
98 1987 255 2039 derint,
287 1999 355 2031 vv.
383 1990 551 2030 16—36
585 1986 840 2040 explicatur.
902 1985 1066 2027 Eodem
1096 1985 1222 2027 modo
1245 1985 1288 2027 in
1311 1983 1443 2038 Hipp.
1464 1983 1610 2025 Venus

94 2060 203 2102 v.'9
231 2061 280 2101 et
314 2069 381 2101 vv.
414 2060 586 2100 20—23
631 2056 835 2110 proponit
880 2055 994 2108 quod
1039 2055 1235 2097 versibus
1282 2053 1610 2108 insequentibus

97 2127 370 2183 explicatura
414 2126 544 2181 est1).
616 2126 667 2168 In
700 2125 903 2167 Hecubae
947 2125 1127 2178 prologo
1171 2124 1364 2166 narratio
1410 2123 1611 2178 Polydori

101 2201 220 2241 recte
251 2209 331 2252 per
362 2196 556 2239 ordinem
588 2198 833 2250 temporum
866 2193 962 2237 fluit
993 2193 1063 2250 (de
1096 2194 1224 2237 rebus
1247 2205 1358 2248 quae
1379 2197 1503 2237 actae
1525 2193 1612 2236 sint

101 2272 147 2311 et
177 2279 288 2323 quae
319 2265 523 2322 futurae).
586 2265 671 2309 Sed
695 2266 825 2308 etiam
853 2264 962 2307 haec
981 2264 1111 2319 longa
1132 2265 1338 2315 narrati0‚
1372 2265 1408 2307 si
1430 2263 1610 2306 formam

98 2337 240 2383 solam
269 2336 538 2392 respicimus,
571 2335 651 2379 hac
682 2348 768 2378 una
800 2335 853 2378 de
874 2347 1003 2378 causa
1030 2334 1221 2386 affertur,
1255 2339 1303 2377 ut
1326 2334 1512 2389 explicet
1535 2347 1612 2377 cur

99 2407 338 2464 Polydorus
381 2407 572 2459 venerit3
617 2419 715 2449 nam
760 2406 952 2448 narratio
997 2405 1160 2459 pendet
1204 2418 1228 2447 a
1272 2405 1422 2459 primis
1469 2404 1611 2447 verbis

101 2477 303 2534 Polydori
323 2490 422 2522 cum
445 2477 601 2532 quibus
622 2489 702 2531 per
726 2476 1049 2530 grammaticam
1077 2475 1289 2518 rationem
1314 2475 1609 2528 coniungitur:

104 2559 152 2592 se
182 2546 317 2592 filium
349 2548 510 2592 Priami
551 2551 595 2591 et
626 2547 832 2590 Hecubae
868 2559 979 2589 nunc
1011 2558 1063 2588 ex
1094 2544 1242 2588 inferis
1274 2545 1454 2594 venisse,
1497 2544 1611 2596 quod

0 2660 11 2723 Γ
223 2722 380 2768 1)tales
416 2721 681 2767 explicationes
718 2696 930 2766 saepissime
965 2720 1148 2767 particula
1185 2718 1254 2764 γάρ
1290 2719 1433 2754 institui
1459 2728 1611 2754 consen-

0 2773 7 2838 ἱ
104 2785 253 2820 taneum
286 2785 343 2818 est
378 2781 424 2818 cf.
452 2793 482 2817 e.
501 2793 534 2826 g.
561 2781 638 2816 Alc.
667 2780 769 2825 3‚10.
806 2779 900 2815 Med.
932 2783 987 2824 ιτ,
1001 2783 1057 2815 36.
1107 2779 1217 2823 Hipp.
1248 2781 1301 2823 10,
1316 2780 1372 2814 24.
1411 2777 1524 2814 Andr.
1553 2779 1608 2812 45.

0 2841 13 2946 ’ἰ
99 2841 245 2879 Heracl.
273 2844 305 2878 6.
357 2842 464 2878 Herc.
492 2843 550 2877 37.
577 2841 701 2886 Suppl.
730 2842 763 2875 8.
813 2839 945 2874 Troad.
974 2842 1007 2875 4.
1066 2840 1093 2874 Ι.
1112 2838 1151 2873 T.
1184 2841 1236 2874 10.
1300 2838 1376 2874 Ion.
1403 2839 1435 2873 8.
1489 2837 1548 2872 Or.
1577 2839 1608 2871 4.

99 2902 162 2938 53.
187 2903 245 2939 63.
