1950 3308
123 405 253 449 sitam
296 403 522 447 dimicasse
566 404 729 444 narrat.
791 399 846 443 Et
878 400 914 442 si
950 399 1157 443 sumimus
1203 397 1372 452 equites
1405 400 1449 440 et
1481 410 1631 440 currus

122 474 168 519 in
209 477 396 528 utroque
443 485 573 516 cornu
613 463 779 526 positos
822 483 930 522 esse,
977 469 1211 523 descriptio
1257 480 1430 523 pugnae
1477 468 1630 511 melius

122 541 406 599 intellegitur.
467 543 579 586 Nam
623 543 659 584 si
703 542 872 595 equites
916 546 960 583 et
1004 553 1154 583 currus
1196 544 1244 582 ut
1276 537 1631 581 Wilamowitzius

4 620 6 622 ’
60 660 63 663 ,
123 614 217 658 vult
246 615 368 658 iuxta
399 613 532 668 positi
561 615 719 662 essent,
755 623 840 653 una
872 623 968 653 cum
1002 610 1199 653 curribus
1229 610 1398 663 equites
1420 610 1631 663 impetum

124 684 340 729 fecissent.
405 683 592 736 ἱππότης
624 683 755 737 ὄχλος
786 683 933 723 autem
966 693 1003 723 v.
1030 684 1113 722 660
1145 681 1367 723 notionem
1401 692 1497 723 esse
1520 691 1631 733 quae

123 758 172 799 et
199 765 350 799 currus
382 756 427 796 et
457 753 625 807 equites
658 751 1011 805 comprehendat,
1058 750 1200 793 elucet
1232 763 1285 792 ex
1317 749 1632 804 significatione

111 822 353 871 ,Homerica
383 823 500 866 vocis
533 823 732 876 ἱππότης.
793 821 917 864 Nunc
949 821 1079 864 etiam
1114 821 1246 863 verba
1280 821 1404 870 ἴσους
1436 820 1632 875 ἀριθμόν

120 894 165 938 in
195 905 236 936 v.
257 896 340 936 662
374 893 687 946 intellegimus:
726 892 914 946 ἱππότης
946 892 1076 947 ὄχλος
1107 892 1169 933 ita
1202 903 1255 933 ex
1287 894 1472 945 utraque
1504 896 1632 945 parte

122 964 340 1007 exercitus
382 966 486 1014 stat,
531 966 580 1005 ut
612 963 780 1016 equites
821 965 866 1004 et
897 974 1048 1004 currus
1082 961 1267 1004 eundem
1299 973 1525 1004 numerum
1558 974 1631 1004 ex·

122 1034 290 1089 pleant.
348 1033 515 1076 Deinde
549 1045 587 1074 v.
622 1036 705 1075 662
739 1032 914 1074 additur
946 1044 1097 1074 currus
1129 1031 1247 1085 apud
1278 1031 1491 1074 tumulum
1522 1031 1631 1074 Am-

120 1103 292 1159 phionis
333 1103 509 1146 stetisse
541 1115 598 1146 sc.
633 1115 658 1144 a
689 1115 821 1144 cornu
855 1103 1021 1155 dextro,
1066 1103 1235 1155 equites
1276 1102 1412 1155 igitur
1444 1114 1469 1144 a
1501 1114 1632 1145 cornu

118 1173 257 1218 laevo.
320 1173 378 1216 Et
407 1185 504 1215 mea
527 1172 700 1226 quidem
725 1173 943 1215 sententia
964 1184 1114 1215 versus
1139 1175 1222 1214 659
1238 1184 1330 1226 sqq.
1352 1175 1470 1214 recte
1492 1170 1633 1214 fluunt

55 1275 59 1277 -
120 1255 261 1298 neque
312 1243 542 1298 quicquam
593 1243 907 1286 traiiciendum.
988 1242 1107 1285 Haec
1158 1243 1500 1296 praemonenda,
1555 1242 1632 1284 sed

120 1315 351 1359 redeamus
381 1314 436 1356 ad
470 1316 592 1368 φῦλα
623 1314 724 1368 τρία
754 1320 892 1368 τριῶν
914 1312 1268 1367 στρατευμάτων,
1302 1317 1349 1356 ut
1370 1312 1477 1355 haec
1500 1313 1632 1355 verba.

120 1384 249 1429 aliter
289 1383 580 1438 explicemus:
627 1396 693 1426 vv.
728 1386 958 1425 657—659
998 1387 1308 1425 enumerantur
1352 1383 1516 1426 incolae
1550 1381 1631 1425 Ce-

85 1462 98 1479 2
121 1454 295 1509 cropiae
339 1458 384 1497 et
414 1453 601 1504 Paralii3
648 1454 845 1507 Cecropii
890 1466 985 1496 cum
1029 1453 1195 1496 Theseo
1240 1466 1265 1495 a
1300 1454 1453 1496 dextro
1498 1466 1630 1496 cornu

118 1524 226 1568 aciei
266 1527 397 1576 stant,
439 1524 600 1567 Paralii
641 1537 666 1566 a
707 1524 844 1566 laevo.
906 1524 991 1566 Sed
1023 1524 1066 1565 hi
1099 1524 1293 1566 homines
1326 1537 1411 1566 non
1442 1525 1520 1567 soli
1555 1525 1630 1567 At-

119 1595 247 1638 ticam
290 1593 497 1638 incolunt.
559 1594 881 1648 Relinquuntur
925 1595 998 1648 qui
1043 1595 1230 1638 Atticam
1278 1595 1526 1637 interiorem
1573 1596 1629 1637 ad

119 1663 226 1708 fines
269 1665 476 1708 Booetiae
523 1665 649 1707 sitam
693 1666 897 1716 incolunt,
947 1678 1057 1719 quae
1105 1665 1234 1708 factio
1280 1666 1537 1708 rusticorum
1584 1670 1628 1708 et

118 1734 340 1778 fabrorum
371 1735 639 1789 temporibus
661 1734 878 1777 Pisistrati
910 1736 1118 1778 maximas
1141 1739 1289 1789 partes
1313 1735 1415 1789 egit.
1460 1735 1627 1778 Nomen

117 1805 271 1848 horum
304 1804 521 1848 hominum
555 1805 668 1847 inter
692 1803 924 1858 Cecropios
955 1810 1000 1848 et
1022 1805 1214 1848 Paralios
1248 1805 1340 1848 iure
1372 1806 1549 1859 ponitur
1582 1809 1626 1848 et

116 1875 195 1918 sub
237 1875 379 1918 verbis
423 1875 638 1929 corruptis
670 1875 728 1924 ὡς
757 1873 839 1929 μὲν
872 1871 928 1929 ἦν
959 1876 1093 1929 λόγος
1123 1875 1301 1918 subesse
1333 1887 1509 1918 necesse
1542 1881 1621 1927 est,

116 1957 374 2005 quamquam
419 1945 552 1988 verba
594 1946 689 2000 ipsa
721 1945 941 1999 Euripidis
986 1945 1168 1999 reperiri
1212 1958 1340 2000 posse
1386 1959 1472 1989 non
1504 1951 1625 2000 put0,

65 2041 68 2043 Δ
115 2015 230 2069 quod
274 2015 391 2058 haud
433 2028 531 2058 raro
575 2016 618 2058 in
663 2015 867 2058 extremis
912 2016 1108 2058 versibus
1152 2015 1257 2067 fit1).
1321 2016 1386 2058 Ad
1429 2017 1504 2059 has
1537 2021 1627 2059 tres

114 2089 263 2139 partes
294 2097 450 2128 nomen
482 2088 581 2140 τρία
613 2088 735 2139 φῦλα
779 2086 915 2127 multo
949 2085 1099 2128 melius
1132 2086 1286 2128 referri
1318 2090 1465 2140 potest
1497 2100 1624 2140 quam

115 2155 172 2197 ad
202 2157 373 2209 pedites
405 2168 555 2197 currus
587 2156 770 2208 equites.
833 2155 940 2197 Cum
973 2156 1140 2209 equites
1172 2160 1216 2197 et
1249 2168 1399 2198 currus
1431 2157 1474 2198 in
1507 2160 1626 2199 utra-

114 2237 198 2279 que
238 2229 364 2279 parte
404 2225 535 2279 positi
573 2226 741 2268 ratione
783 2225 951 2268 numeri
991 2226 1141 2268 habita
1182 2227 1225 2268 in
1257 2227 1449 2269 exercitu
1482 2228 1625 2270 Attico

112 2300 198 2338 non
230 2296 376 2349 magni
407 2296 612 2338 momenti
645 2296 743 2346 sint,
778 2296 955 2338 nuntius
987 2308 1061 2339 eos
1084 2297 1319 2350 neglegens
1357 2298 1450 2339 iure
1481 2298 1625 2340 dicere

111 2369 272 2419 potest,
297 2366 531 2408 exercitum
555 2365 823 2420 tripartitum
855 2365 988 2408 fuisse
1003 2365 1048 2420 ²).
1072 2391 1128 2396 ——
1151 2367 1294 2409 Etiam
1318 2368 1450 2410 verba
1473 2367 1622 2421 Suppl.

113 2438 344 2478 684—685
391 2435 680 2490 suspicionem
725 2439 911 2479 movent.
973 2436 1084 2478 Nam
1131 2437 1258 2490 primi
1308 2450 1458 2481 currus
1505 2451 1625 2480 arma

233 2590 268 2631 1)
292 2588 490 2633 temptavi:
528 2588 748 2633 αὑτουργῶν
784 2587 896 2634 λόχον
933 2600 1025 2633 quae
1053 2589 1166 2624 verba
1191 2592 1231 2624 ut
1259 2589 1444 2633 appositio
1473 2588 1519 2623 ad
1546 2600 1623 2623 τευ-

53 2675 55 2678 <
108 2643 296 2693 χέσφορον
321 2645 416 2682 λαόν
442 2653 647 2692 ponuntur3
683 2661 713 2683 v.
743 2651 812 2684 656
840 2660 906 2692 pro
933 2648 963 2684 τ’
994 2648 1132 2683 tradito
1161 2649 1194 2683 δ’
1223 2648 1454 2683 scribendum
1485 2649 1543 2683 cui
1570 2659 1624 2684 re-

111 2705 270 2749 spondet
295 2705 364 2750 μὲν
391 2717 422 2740 v.
450 2708 519 2740 654
548 2710 584 2740 et
613 2705 654 2741 δὲ
680 2719 711 2743 ν.
739 2710 819 2742 659.

229 2766 266 2809 2)
294 2764 391 2808 quod
426 2765 538 2800 tertia
574 2775 661 2810 pars
698 2765 884 2810 peditatus
919 2768 957 2802 in
993 2768 1133 2812 proelio
1161 2766 1403 2804 describendo
1430 2778 1484 2803 vv.
1512 2769 1621 2810 704!5

108 2834 182 2860 non
217 2829 532 2868 commemoratur,
567 2825 636 2860 hoc
664 2824 761 2860 forte
793 2825 970 2862 accidisse
998 2832 1141 2873 potest:
1187 2837 1311 2872 pugna,
1336 2827 1374 2862 in
1400 2826 1519 2863 media
1545 2828 1623 2862 acie

107 2875 250 2919 i'ncerta.
287 2887 368 2919 erat
405 2884 530 2929 (etiam
568 2885 605 2919 in
654 2885 789 2920 Phoen.
827 2896 950 2930 pugna
987 2898 1059 2922 non
1111 2887 1270 2922 omnium
1318 2887 1477 2922 virorum
1513 2892 1622 2921 antea

109 2947 402 2979 enumeratorum
427 2943 676 2989 describitur).
