1936 3276
739 254 1031 294 -59—

127 370 186 416 ab
214 367 464 426 Euripideis
504 369 666 413 nuntiis
706 369 822 424 quod
854 370 1030 412 Danaus
1071 369 1323 423 priusquam
1356 368 1410 411 ad
1443 381 1531 411 rem
1565 382 1638 412 ac·

130 441 248 487 cedit
291 441 560 496 prooemium
605 439 709 483 facit
749 452 774 482 a
806 452 872 481 vv.
897 441 1039 484 605s6.
1085 438 1295 493 Epilogus
1327 438 1401 493 qui
1422 451 1487 480 vv.
1511 441 1639 481 6234

131 511 310 557 additur
341 510 591 566 Euripideis
633 510 783 553 similis
828 513 895 552 est
933 509 1132 563 quoniam
1166 509 1343 552 Danaus
1374 508 1477 562 quid
1510 509 1563 552 de
1594 521 1641 551 re

134 583 298 627 sentiat
329 582 546 637 exprimit.
608 581 658 623 In
679 580 824 624 Persis
848 583 1077 622 249—285
1110 579 1287 622 nuntius
1318 579 1468 634 primis
1499 579 1642 621 verbis

132 665 300 698 summo
332 664 428 696 cum
461 649 620 694 affectu
653 650 821 693 emissis
860 650 1039 692 classem
1072 649 1301 692 Persarum
1334 652 1379 692 et
1408 649 1642 692 exercitum

131 722 326 767 deletum
365 733 462 765 esse
492 721 668 772 indicat,
730 718 937 763 Narratio
967 722 1114 762 autem
1149 719 1202 761 de
1234 731 1381 773 pugna
1411 718 1643 762 Salaminia

131 805 230 838 cum
272 790 650 846 catastropharum
695 790 1015 833 narrationibus
1047 789 1295 843 Euripideis
1341 788 1524 831 conferri
1558 801 1642 831 nou

131 863 282 919 ‘potest
322 863 436 917 quod
477 862 521 904 in
561 862 748 915 quinque
791 864 940 915 partes
984 859 1203 902 dividitur.
1266 859 1360 902 Hae
1393 859 1563 912 quidem
1596 862 1644 901 ut

133 933 407 978 narrationes
451 932 715 986 Euripideae
762 931 910 974 statim
954 943 978 973 a
1022 943 1068 972 re
1115 929 1325 983 incipiunt
1371 934 1415 971 et
1462 928 1644 983 epilogis

133 1003 358 1048 finiuntur.
420 1003 488 1046 Ex
518 1002 585 1045 his
617 1001 815 1056 partibus
847 1013 932 1043 una
955 1003 1038 1051 435
1052 1012 1112 1054 sq.
1147 1003 1195 1042 ut
1227 1000 1498 1042 narrationes
1520 999 1645 1041 Euri-

133 1075 292 1130 pideae
334 1074 580 1117 instituitur
623 1073 737 1127 quod
782 1072 1020 1115 narrationi
1067 1071 1264 1124 dialogus
1302 1069 1519 1112 antecedit
1561 1081 1644 1123 quo

133 1145 223 1190 iam
253 1157 320 1188 vv.
353 1145 485 1188 4411'4

313 1217 506 1270 Περσῶν
538 1213 637 1256 ὅσοι
667 1227 749 1267 περ
782 1209 897 1267 ἦσαν
933 1211 1111 1265 ἀκμαῖοι
1143 1210 1284 1265 φύσιν

312 1286 462 1340 ψυχήν
492 1283 528 1326 τ’
563 1284 737 1338 ἄριστοι
769 1280 1027 1336 κεύγένειαν
1058 1281 1307 1334 εὐπρεπεῖς,

314 1358 434 1411 αὐτῷ
466 1356 502 1397 τ’
536 1354 691 1396 ἄνακτι
723 1355 874 1395 πίστιν
907 1351 955 1394 ἐν
987 1352 1180 1406 πρώτοις
1210 1350 1291 1404 ἀεί,

315 1429 533 1468 τεθνᾶσιν
563 1425 754 1479 αἰσχρῶς
786 1422 1118 1477 δυσκλεεστάτῳ
1149 1421 1272 1476 μόρῳ

135 1499 322 1541 'mortem
354 1495 587 1538 Persarum
635 1493 842 1536 nobilium
886 1495 1040 1546 postea
1083 1491 1343 1533 narrandam
1384 1489 1556 1531 indicat.
1591 1513 1647 1518 —

138 1565 295 1610 Elucet
324 1565 444 1620 apud
463 1563 721 1618 Aeschylum
753 1575 892 1616 neque
924 1562 1105 1605 formam
1137 1559 1397 1604 narrationis
1430 1570 1569 1612 neque
1597 1583 1642 1589 —-

137 1639 190 1680 ut
220 1648 354 1691 supra
385 1635 678 1678 demonstravi
710 1659 767 1664 —-
797 1637 939 1676 artem
970 1632 1174 1675 narrandi
1205 1634 1294 1673 tam
1327 1629 1493 1672 firmam
1517 1632 1647 1682 atque

137 1705 355 1751 excultam
388 1717 484 1749 esse
516 1717 644 1759 quam
690 1703 807 1758 apud
839 1702 1106 1756 Euripidem,
1152 1701 1228 1745 sed
1261 1699 1511 1754 Euripidem
1556 1699 1647 1742 sine

137 1777 271 1821 dubio
302 1774 440 1820 multa
471 1787 525 1818 ex
547 1774 748 1829 Aeschyli
779 1773 1017 1827 tragoediis
1050 1775 1098 1815 ut
1129 1771 1249 1826 leges
1280 1771 1528 1813 nuntiorum
1550 1781 1647 1812 suo-

138 1860 236 1892 rum
268 1845 557 1890 conformaret
588 1844 669 1888 sibi
702 1844 953 1897 sumpsisse.

257 1917 403 1960 Etiam
437 1915 552 1971 quod
584 1926 815 1970 personam
847 1913 987 1955 nuntii
1021 1912 1178 1955 attinet
1210 1910 1440 1964 Euripides
1463 1908 1650 1962 Aeschy-

138 1984 230 2032 lum
263 1989 440 2031 secutus
473 1998 569 2029 esse
601 1985 788 2028 videtur.
850 1983 959 2026 Nam
993 1983 1036 2025 in
1067 1981 1230 2024 nuntiis
1263 1980 1510 2033 Aeschyleis
1543 1979 1650 2033 ἠθο-

140 2058 268 2102 ποιία
309 2069 395 2100 non
425 2056 476 2099 fit
507 2060 552 2099 et
583 2055 879 2108 unusquisque
911 2053 1006 2107 pari
1039 2052 1164 2094 modo
1196 2054 1359 2099 narrat,
1402 2061 1529 2102 quam
1561 2060 1650 2090 rem

142 2124 379 2183 Sophocles
412 2127 609 2169 mutavit.
794 2120 797 2123 '

261 2196 399 2241 Simul
432 2207 486 2238 ex
518 2193 717 2248 Aeschyli
749 2192 985 2246 tragoediis
1016 2190 1206 2246 (suppl.)
1238 2189 1534 2243 cognoscimus
1566 2186 1651 2230 for-

142 2280 257 2312 mam
289 2265 540 2310 nuntiorum
564 2263 899 2318 Euripideorum
931 2261 984 2304 ab
1016 2261 1139 2303 initio
1171 2272 1256 2302 non
1284 2258 1532 2301 nuntiorum
1554 2269 1652 2311 pro-

142 2338 285 2394 priam
330 2348 442 2387 esse,
486 2334 564 2379 sed
607 2333 796 2376 omnium
841 2331 1137 2375 narrationum
1180 2330 1333 2384 quibus
1366 2329 1477 2371 actio
1510 2327 1654 2381 aliqua

143 2406 487 2463 exprimebatur.
550 2404 673 2447 Hanc
705 2403 834 2446 etiam
868 2402 952 2444 alia
974 2413 1160 2455 persona
1183 2404 1312 2453 atque
1336 2398 1512 2441 nuntius
1535 2397 1653 2440 velut

142 2478 190 2522 in
224 2477 375 2532 Suppl.
408 2475 587 2519 Danaus
630 2485 809 2516 narrare
853 2472 1010 2527 potuit.
1071 2470 1180 2512 Item
1227 2470 1269 2512 in
1302 2468 1524 2522 Sophoclis
1568 2471 1653 2509 tra-

145 2548 314 2604 goediis
361 2545 474 2590 aliae
517 2557 730 2602 personae
774 2546 824 2586 ut
865 2547 1010 2585 custos
1056 2543 1269 2582 mercator
1310 2538 1455 2581 nutrix
1500 2536 1653 2590 Hyllus

144 2617 275 2663 simili
307 2617 434 2660 modo
468 2619 648 2658 narrant
681 2618 811 2667 atque
843 2612 959 2666 apud
992 2609 1245 2663 Euripidem
1276 2608 1428 2650 nuntii.

261 2687 355 2729 Hoc
386 2685 490 2727 mihi
522 2685 821 2727 demonstrare
855 2682 1027 2724 videtur
1059 2691 1285 2734 personam
1319 2677 1458 2719 nuntii
1491 2687 1575 2718 non
1599 2675 1654 2718 ab

142 2757 267 2802 initio
298 2756 439 2800 locum
471 2754 514 2797 in
547 2753 784 2807 tragoediis
818 2751 1070 2802 obtinuisse,
1110 2750 1185 2791 sed
1216 2747 1321 2790 alias
1354 2757 1562 2800 personas
1593 2743 1654 2788 fa-

141 2827 274 2872 bulae
306 2825 426 2870 velut
448 2825 644 2868 Danaum
667 2823 710 2865 in
731 2821 882 2875 Suppl.
906 2824 1055 2874 partes
1080 2819 1170 2861 eius
1193 2818 1335 2871 egisse
1358 2820 1403 2860 et
1423 2827 1654 2871 personam

142 2898 286 2943 nuntii
328 2909 380 2940 ea
413 2896 465 2940 de
498 2907 626 2938 causa
656 2906 682 2936 a
714 2892 854 2947 poetis
895 2891 1114 2933 inventam
1155 2900 1250 2931 esse
1282 2887 1396 2941 quod
1428 2886 1528 2929 illae
1559 2897 1656 2940 per·
