1936 3276
354 374 506 416 Trach.
543 377 679 415 1-48
714 385 782 414 res
814 372 994 425 prologo
1027 384 1143 414 more
1176 372 1409 426 Euripideo
1446 375 1681 428 composito
1713 385 1844 428 expo-

352 448 524 486 nuntur.
587 442 819 495 Sophocles
860 442 1048 495 priorem
1088 446 1254 495 partem
1294 442 1420 485 huius
1450 443 1631 497 prologi,
1670 443 1842 498 longam
1899 471 1936 484 «.

353 514 569 567 διήγησιν,
615 512 741 564 plane
785 515 834 553 ut
865 511 1107 564 Euripides,
1154 512 1363 565 explicat3
1406 525 1503 555 nam
1543 511 1752 557 Deianira
1778 515 1842 557 in-

353 584 454 635 cipit
485 595 510 623 a
541 581 631 623 loco
663 582 876 623 communi
902 585 1023 633 1-23,
1058 594 1184 635 quem
1217 583 1411 625 versibus
1442 582 1768 637 insequentibus
1786 583 1844 627 ad

352 653 480 693 vitam
513 663 632 693 suam
665 650 812 693 refert.
874 664 913 692 v.
949 653 1016 695 718

1111 722 1341 776 νυμφείων
1373 723 1508 764 ὄκνον

524 791 734 844 ἄλγιστον
766 791 910 845 ἔσχον,
943 790 984 832 εἴ
1011 806 1074 839 τις
1105 789 1297 840 Αἰτωλὶς
1326 793 1441 845 γυνή

349 871 552 925 proponit
595 883 640 913 se
685 872 755 913 diu
799 871 961 924 nuptiis
1005 871 1193 913 caruisse
1224 875 1268 913 et
1300 884 1366 914 vv.
1401 875 1540 914 9-17
1577 873 1842 932 explicatvse

1916 348 1936 371 ,ς

1924 378 1936 410 “.

1913 420 1936 463 ,;.

349 941 522 993 nuptias
565 953 658 982 cum
692 940 900 982 Archeloo
942 940 1014 993 qui
1055 941 1159 982 deus
1191 941 1246 982 ad
1277 946 1475 983 naturam
1506 940 1750 985 bestiarum
1772 948 1842 986 ae-
1912 995 1913 998 Ἰ

349 1011 527 1053 cesserit
570 1010 733 1063 fugisse
778 1014 823 1052 et
869 1011 940 1052 diu
986 1010 1255 1053 matrimonio
1301 1011 1570 1054 abstinuisse.
1633 1011 1842 1069 Hercules

349 1093 443 1122 cum
465 1079 673 1122 Archeloo
696 1091 893 1133 pugnans
920 1092 1013 1122 eam
1036 1079 1214 1131 liberat3
1247 1080 1451 1123 Deianira
1482 1081 1534 1123 de
1565 1083 1712 1136 pugna
1731 1076 1842 1125 nihil

350 1162 525 1191 narrare
557 1153 702 1202 potest
734 1149 818 1203 (vv.
856 1148 1054 1204 18—25).
1116 1149 1320 1192 Versibus
1353 1151 1451 1193 25s6
1705 1164 1708 1165 ⁷

462 1230 587 1280 τέλος
617 1226 655 1271 δ’
688 1231 822 1285 ἔθηκε
856 1232 969 1280 Ζεὺς
1000 1229 1190 1284 ἀγώνιος
1219 1234 1362 1281 καλως

464 1313 504 1353 εἰ
524 1312 578 1365 δὴ
599 1315 740 1361 καλῶς
771 1315 909 1354 totum
944 1313 1258 1354 matrimonium
1282 1312 1408 1366 quale
1431 1313 1511 1355 sibi
1533 1326 1632 1356 cum
1651 1312 1836 1356 Hercule

347 1380 489 1432 fuerit,
533 1381 681 1434 paucis
725 1381 866 1423 verbis
908 1382 1081 1432 indicat,
1126 1382 1239 1435 quod
1285 1383 1478 1426 versibus
1514 1382 1839 1436 insequentibus

347 1463 482 1504 usque
529 1451 583 1493 ad
629 1450 756 1494 finem
803 1452 1002 1505 explicat.
1078 1452 1127 1493 In
1174 1452 1325 1495 Trach.
1361 1455 1615 1495 531—587
1635 1452 1838 1495 Deianira

347 1521 475 1563 choro
519 1524 666 1563 narrat
709 1533 755 1563 se
798 1534 823 1563 a
866 1521 1003 1564 Nesso
1042 1522 1278 1563 remedium
1328 1522 1564 1575 accepisse:
1610 1525 1838 1564 531—554

346 1591 473 1643 longo
516 1590 735 1643 prooemio
778 1591 1014 1633 narrationi
1058 1591 1293 1644 praemisso
1338 1591 1536 1644 explicat,
1581 1604 1656 1633 cur
1694 1603 1837 1634 rerum
1889 1639 1893 1643 .

348 1672 458 1713 quae
489 1672 601 1702 nunc
632 1660 719 1702 sint
750 1660 916 1702 ratione
947 1660 1094 1702 habita
1125 1653 1362 1703 remedium
1393 1661 1564 1714 aliquod
1593 1660 1840 1713 adhibitura

347 1731 415 1772 sit.
479 1730 700 1780 Quomodo
745 1730 787 1772 id
824 1743 848 1772 a
879 1730 1016 1772 Nesso
1061 1730 1287 1784 acceperit,
1330 1734 1479 1773 narrat
1523 1742 1573 1772 eo
1611 1729 1760 1773 ordine
1791 1733 1840 1772 ut

346 1800 529 1852 primum
563 1800 746 1842 Nessum
779 1800 1031 1842 morientem
1068 1801 1319 1853 sanguinem
1350 1801 1441 1843 loco
1472 1800 1652 1842 remedii
1681 1799 1838 1842 amoris

347 1869 427 1910 sibi
459 1868 629 1910 dedisse
661 1868 835 1919 referat,
870 1870 1024 1910 deinde
1055 1881 1139 1921 qua
1158 1870 1201 1910 in
1224 1869 1444 1911 occasione
1465 1869 1628 1911 Nessus
1657 1872 1837 1911 mortem

347 1938 502 1980 obierit
542 1942 587 1980 et
628 1938 708 1980 sibi
740 1938 991 1991 sanguinem
1025 1939 1205 1980 dederit.
1267 1938 1335 1980 Sic
1366 1937 1461 1980 finis
1493 1938 1750 1987 narrationis
1781 1938 1837 1980 ad

346 2008 514 2050 initium
558 2008 681 2050 redit.
754 2007 897 2050 Verba
941 2019 1049 2060 quae
1093 2007 1254 2049 Nessus
1301 2009 1550 2061 sanguinem
1594 2020 1617 2050 e
1662 2008 1837 2050 vulnere

345 2077 549 2120 hauriens.
578 2076 740 2127 fecerit,
775 2077 937 2119 directa
968 2076 1114 2119 refert.
1178 2089 1244 2117 vv.
1279 2080 1412 2119 578—
1424 2080 1504 2120 587
1536 2077 1733 2131 epilogus
1763 2077 1836 2119 ad-

348 2148 478 2189 ditur.
539 2147 719 2190 Philoct.
744 2150 972 2188 254-316
1005 2146 1264 2188 Philoctetes
1296 2146 1407 2188 mala
1439 2158 1548 2199 quae
1580 2146 1681 2188 dum
1699 2145 1838 2189 insula

346 2216 506 2258 Lemno
555 2217 711 2260 vixerit
757 2229 803 2257 se
852 2209 1147 2268 oppresserint
1194 2226 1271 2267 per
1318 2216 1606 2257 narrationem
1647 2215 1835 2269 exponit.

347 2286 468 2335 Quod
499 2286 604 2328 haec
636 2287 679 2328 in
712 2286 956 2327 memoriam
989 2296 1193 2326 revocans
1225 2296 1379 2336 magno
1413 2284 1559 2327 dolore
1585 2288 1629 2327 et
1650 2285 1714 2327 ira
1746 2284 1836 2328 affi-

347 2356 468 2406 citur,
501 2356 610 2397 hanc
641 2354 928 2397 narrationem
960 2366 1115 2406 magno
1138 2363 1244 2395 'cum
1271 2353 1434 2406 impetu
1461 2366 1484 2395 e
1506 2359 1680 2407 pectore
1703 2354 1834 2396 effun-

346 2425 408 2467 dit
440 2427 505 2479 (se
537 2425 676 2477 ipsum
708 2423 899 2477 appellat
932 2423 1071 2472 2541‘9,
1106 2435 1143 2463 v.
1179 2425 1275 2464 260.

520 2502 552 2546 ὦ
584 2505 753 2558 τέκνον,
786 2502 819 2546 ὦ
851 2511 932 2546 παῖ
959 2503 1122 2557 πατρὸς
1153 2503 1196 2554 ἐξ
1225 2502 1449 2557 Ἀχιλλέως

345 2586 672 2640 Neoptolemum
719 2586 946 2640 dupliciter
992 2584 1244 2638 alloquitur3
1294 2585 1396 2626 item
1441 2597 1479 2627 v.
1511 2588 1593 2627 278
1645 2586 1688 2627 in
1738 2573 1834 2639 ipsa

346 2655 619 2712 narratione).
662 2658 698 2698 A
721 2668 848 2698 versu
871 2658 953 2698 300
977 2659 1173 2696 naturam
1206 2653 1371 2696 insulae
1392 2654 1594 2697 describit
1615 2658 1659 2698 et
1678 2658 1832 2715 nautas

346 2726 399 2766 ad
431 2726 611 2768 insulam
644 2725 847 2779 appulsos
879 2737 925 2767 se
957 2725 1124 2765 domum
1159 2723 1315 2766 vehere
1346 2724 1547 2767 noluisse.
1595 2737 1658 2767 vv.
1691 2727 1830 2767 314-

347 2797 428 2838 316
473 2793 598 2836 finem
643 2795 757 2838 facit.
821 2795 929 2836 Huic
972 2794 1205 2835 narrationi
1252 2794 1484 2846 respondet
1524 2793 1832 2846 Neoptolemus

346 2876 413 2905 vv.
447 2866 687 2906 343—390.
