1950 3308
732 240 1022 280 -29-

121 356 222 400 lites
265 354 464 409 Aegisthi
511 354 669 409 placat.
742 354 861 397 Haec
909 354 1051 397 omnia
1098 352 1421 396 accuratissime
1470 352 1629 395 descri-

122 425 297 476 buntur,
345 424 463 468 nullo
511 425 602 468 loco
649 424 793 478 aliqua
841 423 954 467 actio
998 424 1146 478 paucis
1190 423 1332 465 verbis
1375 422 1629 465 absolvitur.

6 467 10 474 ¹
63 491 65 493 ’
124 495 222 539 Hel.
242 499 531 539 1530—1536
553 495 756 549 Aegyptii
778 507 934 536 navem
957 497 1126 547 parant,
1164 495 1450 535 1537—1553
1475 491 1630 535 Graeci

120 567 300 610 veniunt
325 569 370 609 et
391 565 512 608 iussu
533 565 719 607 Menelai
752 575 905 606 navem
937 564 1242 614 conscendunt,
1266 563 1469 618 Aegyptii
1492 563 1631 616 suspi-

122 640 286 680 cantur.
353 637 641 678 1554—1575
687 633 829 676 omnia
860 634 904 676 in
935 646 1087 676 navem
1121 633 1320 676 feruntur
1361 637 1406 676 et
1436 633 1631 676 homines

121 705 360 750 ascendunt
391 709 436 748 et
467 704 511 746 in
544 704 679 747 altum
713 703 942 755 vehuntur,
980 707 1261 746 1577—1591
1299 703 1524 746 Menelaus
1555 703 1631 746 im-

121 779 260 832 perat,
303 778 355 818 ut
383 787 409 817 a
441 774 572 817 remis
615 774 842 828 desistant,
889 774 984 828 ipse
1015 773 1265 827 Neptunum
1308 777 1417 824 orat,
1459 774 1631 827 Aegyp-

119 847 278 890 tiorum
319 845 507 899 suspicio
551 847 751 898 augetur,
795 857 861 887 vv.
900 847 1187 887 1591—1613
1223 845 1276 887 de
1318 856 1465 898 pugna
1498 843 1631 887 Grae-

119 929 267 960 corum
314 919 359 958 et
406 914 718 968 Aegyptiorum
771 917 816 957 et
863 914 916 956 de
963 913 1067 968 fuga
1111 917 1260 967 agunt.
1324 914 1443 957 Haec
1491 914 1633 956 omnia

121 985 407 1041 aequabiliter
438 985 709 1039 explicantur
746 997 887 1043 neque
920 984 1006 1026 ullo
1038 984 1130 1027 loco
1144 983 1175 1040 ¹)
1217 985 1511 1027 narrationem
1545 984 1629 1027 alio

53 1095 56 1099 .
120 1057 248 1100 modo
287 1054 423 1098 fluere
467 1055 760 1098 observamus.
823 1054 920 1097 Alia
959 1055 1158 1108 exempla
1200 1058 1305 1108 apta
1351 1046 1631 1098 inveniuntur

122 1126 168 1170 in
199 1125 408 1169 ambabus
440 1125 762 1167 narrationibus
791 1124 1043 1178 Iphigeniae
1064 1124 1275 1167 Tauricae
1300 1128 1345 1167 et
1367 1125 1632 1167 Baccharum

119 1199 253 1250 atque
293 1195 425 1238 etiam
469 1195 512 1238 in
545 1195 781 1250 Hippolyto
828 1194 1040 1248 profectio
1074 1194 1301 1250 Hippolyti
1342 1199 1387 1238 et
1418 1195 1631 1249 pernicies

119 1266 216 1321 pari
246 1265 374 1309 modo
406 1268 639 1308 narrantur
654 1263 700 1320 2).

235 1335 474 1380 Praeterea
513 1340 661 1378 autem
702 1335 975 1378 narrationes
1019 1339 1206 1388 exstant,
1255 1335 1410 1389 quibus
1453 1337 1630 1379 nuntius

119 1418 267 1450 omnes
298 1418 369 1449 res
399 1419 486 1449 non
526 1407 678 1449 eadem
718 1405 944 1459 diligentia
987 1406 1189 1459 explicat,
1236 1407 1313 1448 sed
1355 1419 1428 1449 eas
1470 1407 1630 1460 partim

120 1480 322 1521 accurate
353 1476 560 1520 describit
590 1477 750 1530 partim
782 1477 932 1530 paucis
966 1477 1109 1519 verbis
1154 1481 1474 1520 commemorat.
1538 1477 1632 1520 Hoc

119 1547 246 1590 modo
277 1545 478 1597 efficitur,
528 1550 577 1590 ut
609 1547 709 1589 dum
743 1547 914 1600 singula
955 1551 1125 1590 tantum
1168 1551 1286 1590 certo
1328 1548 1628 1601 comperimus,

123 1621 270 1660 cetera
300 1617 635 1671 cogitationibus
667 1616 893 1670 fingamus.
955 1617 1084 1660 Initio
1107 1630 1232 1672 agam
1267 1618 1321 1660 de
1353 1618 1493 1661 tribus
1526 1618 1630 1661 locis

119 1688 276 1742 quibus
306 1687 484 1730 nuntius
516 1699 585 1730 res
618 1687 786 1741 priores
818 1688 966 1730 multis
999 1688 1142 1731 verbis
1179 1691 1282 1730 ante
1315 1688 1460 1731 oculos
1493 1688 1629 1742 ponit,

113 1758 396 1812 ‚insequentes
435 1761 580 1800 autem
626 1757 815 1800 breviter
856 1758 1125 1812 perstringit.
1189 1758 1303 1801 Med.
1341 1761 1628 1801 1144—1155

121 1827 298 1871 nuntius
331 1827 538 1872 describit
580 1829 793 1882 quomodo
814 1824 952 1871 'Iason
984 1841 1079 1871 cum
1111 1829 1260 1875 liberis
1301 1841 1327 1871 a
1359 1827 1522 1871 Creusa
1563 1841 1630 1871 ac-

119 1902 272 1953 ceptus
303 1898 382 1950 sit3
424 1898 532 1941 haec
563 1899 706 1952 imago
737 1898 885 1941 multis
918 1899 1061 1942 verbis
1095 1899 1359 1953 depingitur.
1423 1898 1629 1942 Creusam

119 1972 266 2012 autem
297 1972 463 2012 vestem
496 1971 542 2011 et
572 1972 873 2012 ornamentum
906 1970 1124 2023 accepisse
1156 1994 1212 1999 —
1244 1969 1287 2012 id
1328 1970 1441 2023 quod
1475 1969 1529 2012 ad
1560 1982 1630 2012 ac-

118 2040 281 2083 tionem
332 2039 507 2082 maioris
554 2040 761 2082 momenti
810 2043 877 2082 est
908 2064 964 2069 —-
1007 2040 1157 2093 paucis
1204 2043 1374 2081 tantum
1422 2039 1629 2082 absolvit:

120 2110 148 2164 ἣ
172 2111 199 2152 δ
221 2111 281 2160 ὡς
302 2109 443 2152 ἐσεῖδε
466 2110 636 2162 κόσμον
659 2109 741 2152 οὐκ
763 2109 973 2164 ἠνέσχετο
996 2111 1012 2162 ΙΙ
1035 2110 1129 2151 ἄλλ’
1163 2109 1288 2165 ᾔνεσ’
1312 2107 1443 2164 ἀνδρὶ
1475 2110 1631 2153 πάντα.

120 2179 207 2222 Res
238 2183 328 2222 tam
359 2179 554 2222 breviter
577 2182 911 2222 commemorata
934 2192 1018 2222 non
1042 2179 1182 2222 minus
1205 2179 1377 2233 quidem
1400 2179 1630 2223 manifesta

122 2253 203 2301 est,
235 2249 311 2292 sed
343 2261 422 2292 nos
453 2248 684 2303 imaginem
729 2261 780 2291 ex
813 2249 956 2292 verbis
988 2253 1145 2303 poetae
1187 2250 1311 2292 nobis
1353 2249 1516 2304 fingere
1557 2263 1630 2294 ne-

123 2315 356 2364 cessarium
379 2323 459 2371 est,
482 2332 566 2362 non
588 2320 694 2373 ipsis
717 2319 860 2362 verbis
884 2323 1042 2373 poetae
1066 2320 1317 2374 depingitur
1338 2333 1397 2364 sc.
1424 2319 1630 2364 Creusam

120 2394 170 2434 ut
199 2389 390 2445 puellam
421 2390 647 2433 munditiei
679 2390 918 2434 studiosam
951 2391 1084 2433 verba
1129 2391 1273 2434 mariti
1316 2403 1401 2433 non
1442 2403 1628 2443 curasse,

244 2580 279 2625 1)
305 2579 458 2615 Brevius
485 2579 635 2614 nuntius
661 2590 715 2614 vv.
745 2581 876 2622 15541‘5

264 2638 330 2673 καὶ
355 2638 470 2673 τᾶλλα
496 2636 565 2682 μὲν
592 2637 637 2681 δὴ
664 2635 805 2684 ῥᾳδίως
832 2639 916 2672 εἴσω
945 2638 1035 2677 νεὼς
1062 2634 1234 2682 ἐθέμεθα
1262 2638 1492 2681 κουφίζοντα

121 2700 261 2741 narrat,
300 2696 480 2741 quomodo
514 2706 573 2731 res
600 2696 637 2731 in
675 2706 802 2731 navem
841 2701 1012 2741 portatae
1051 2697 1145 2741 siut3
1185 2697 1391 2741 insequitur
1429 2696 1628 2742 descriptio

123 2756 223 2792 tauri
248 2755 482 2792 contumacis.

241 2818 277 2861 2)
304 2818 424 2851 Antea
450 2816 523 2851 iam
550 2814 798 2851 demonstravi
815 2816 1048 2851 narrationes
1076 2814 1287 2851 nuntiorum
1306 2825 1386 2851 esse
1403 2814 1622 2860 bipartitas:

122 2875 242 2921 prima
267 2880 374 2921 parte
400 2875 581 2921 pernicies
609 2879 868 2920 praeparatur,
895 2875 1015 2910 altera
1041 2874 1274 2911 describitur.
