1950 3308
671 265 961 304 „15-

62 379 326 437 plerumque
355 379 566 423 maiorem
597 382 766 433 partem
799 377 1061 420 narrationis
1100 377 1248 431 explet
1281 374 1358 418 cf.:
1391 375 1435 417 in
1469 375 1576 418 Med

67 453 354 494 1167-1203
399 450 614 504 pernicies
646 449 834 492 Creusae
881 448 1138 491 describitur
1184 450 1230 490 et
1279 449 1578 499 1210—1220,

63 520 278 576 pernicies
328 520 484 575 patris.
547 519 679 574 Hipp.
731 521 1017 561 1198—1242
1070 517 1284 572 pernicies
1335 515 1576 571 Hippolyti.

51 590 168 635 'Hec.
203 594 436 634 542—570
468 591 521 633 de
552 594 691 632 morte
722 589 968 642 Polyxenae
999 588 1169 642 agitur:
1219 590 1447 630 542—556
1481 599 1577 629 eam

66 660 239 706 fortiter
268 664 455 704 mortem
486 659 684 711 subiisse,
727 662 958 701 557—570
991 671 1086 720 earn
1119 658 1345 701 honestam
1377 661 1422 701 et
1452 658 1579 712 pudi-

67 744 160 776 cam
189 733 240 775 ut
259 730 472 784 virginem
493 732 708 772 mortuam
729 740 845 781 esse;
879 727 931 770 cf.
955 728 1127 771 Heracl.
1152 731 1397 772 830—863.
1451 728 1578 771 Herc.

67 803 328 847 963-1000
358 800 492 857 (mors
525 799 760 842 liberorum
795 802 840 842 et
868 797 1105 855 Megarae).
1153 798 1301 853 Suppl.
1326 802 1580 851 673—7253

64 869 169 915 LT.
202 872 457 922 301-3333
495 872 797 913 1390—1408.
859 868 950 911 Ion.
987 872 1298 921 1181—12253
1337 869 1402 911 El.
1435 872 1580 912 803—

66 943 174 995 843;
215 939 314 984 Hel.
350 942 663 993 1591—16133
705 939 867 982 Phoen.
904 941 1230 991 1141.—1195;
1267 942 1579 991 1377—1422;

68 1010 143 1054 Or.
166 1013 397 1054 884-942
430 1010 565 1065 (952).
617 1009 772 1052 Bacch.
801 1011 1088 1052 1086-1143
1122 1009 1318 1052 Bacchae
1348 1013 1580 1064 postquam

3 1137 6 1141 ἠ
67 1080 205 1124 multa
234 1081 498 1135 nequiquam
530 1084 712 1124 conatae
744 1084 844 1122 sunt
875 1079 1117 1123 Pentheum
1142 1080 1327 1134 denique
1350 1092 1403 1122 ex
1426 1080 1582 1123 arbore

67 1149 249 1202 trahunt
280 1149 516 1207 (-1113);
563 1152 851 1193 1114—1143
895 1150 1042 1193 multis
1075 1151 1218 1193 verbis
1251 1162 1366 1193 mors
1397 1150 1582 1193 Penthei

68 1220 341 1265 describitur.
363 1245 421 1251 —
453 1221 691 1276 Postquam
723 1220 901 1282 nuntius
933 1220 1014 1263 hoc
1046 1220 1172 1263 modo
1203 1220 1476 1275 propositum
1510 1221 1582 1262 ab-

67 1291 212 1343 solvit,
245 1303 330 1334 non
361 1291 510 1334 statim
542 1291 763 1345 epilogum
793 1291 927 1342 addit,
961 1291 1037 1333 sed
1057 1290 1313 1345 plerumque
1344 1293 1446 1344 post
1465 1290 1583 1333 illam

69 1361 404 1416 descriptionem
451 1363 628 1416 exponit
672 1361 775 1416 quid
820 1364 974 1415 postea
1020 1360 1181 1404 factum
1226 1362 1282 1404 sit
1326 1365 1371 1404 et
1413 1373 1496 1415 quo
1540 1362 1584 1404 in

68 1434 188 1476 statu
218 1444 289 1476 res
320 1445 434 1476 nunc
467 1433 536 1476 sit.
599 1432 802 1475 Narratio
835 1432 970 1486 igitur
1001 1432 1064 1474 ita
1093 1431 1254 1486 finitur,
1288 1436 1337 1475 ut
1358 1432 1471 1475 actio
1494 1435 1582 1474 tra-

68 1501 252 1557 goediae
296 1503 428 1557 paulo
475 1507 576 1564 post
621 1503 829 1556 incipiens
875 1501 1005 1544 finem
1052 1503 1314 1545 narrationis
1361 1502 1584 1546 continuet

68 1585 209 1628 neque
251 1585 409 1616 novum
455 1573 509 1616 de
553 1573 684 1616 rebus
729 1586 839 1627 quae
873 1573 957 1615 alio
990 1572 1083 1616 loco
1116 1577 1266 1627 gestae
1299 1577 1400 1616 sunt
1431 1573 1585 1616 referri

71 1642 211 1697 possit
254 1643 282 1686 i.
315 1655 372 1686 e.<
399 1646 450 1686 ut
494 1642 591 1686 finis
638 1643 818 1686 actionis
864 1647 909 1686 et
955 1643 1127 1686 initium
1179 1644 1440 1687 narrationis
1487 1656 1584 1687 sese

72 1712 306 1768 excipiunt,
351 1713 411 1756 sic
452 1712 538 1757 fine
584 1713 845 1756 narrationis
882 1714 1050 1776 initium
1083 1714 1263 1757 actionis
1294 1718 1584 1768 praeparatur

72 1782 147 1827 cf.:
165 1783 210 1827 in
231 1782 316 1828 fine
337 1783 599 1827 narrationis
625 1783 805 1826 Medeae
826 1783 1034 1837 leguntur
1057 1784 1102 1827 hi
1124 1797 1275 1827 versus
1298 1788 1581 1827 1220—1221

249 1859 418 1896 κεῖνται
450 1852 499 1897 δὲ
530 1852 682 1910 νεκροὶ
715 1859 817 1913 παῖς
847 1869 893 1895 τε
924 1852 997 1896 καὶ
1029 1853 1175 1910 γέρων
1206 1854 1349 1909 πατὴρ

247 1923 396 1980 πέλας,
427 1925 622 1978 ποθεινὴ
654 1924 899 1979 δακρύουσι
934 1925 1159 1981 συμφορά.

74 1993 194 2037 Finis
223 1994 352 2039 huius
382 1994 645 2038 narrationis
677 1994 850 2048 quidem
882 2007 967 2037 non
1001 1995 1161 2038 bonum
1192 1995 1436 2049 exemplum
1460 2007 1585 2048 prae-

73 2063 150 2108 bet
180 2064 236 2108 ad
266 2077 407 2108 meam
439 2066 700 2108 sententiam
728 2064 1011 2118 probandam,
1046 2066 1159 2119 quod
1182 2066 1398 2108 adventus
1420 2065 1586 2108 Iasonis

74 2133 120 2191 (v
153 2133 283 2191 1293)
313 2135 381 2178 his
412 2136 609 2178 versibus
641 2147 726 2177 non
757 2138 1048 2188 praeparatur
1081 2139 1126 2177 et
1156 2135 1237 2177 hoc
1268 2135 1361 2178 loco
1383 2135 1427 2177 id
1449 2135 1587 2178 solum

75 2203 334 2258 exprimitur
355 2216 438 2258 quo
470 2204 513 2246 in
536 2207 654 2246 statu
677 2216 746 2247 res
769 2216 881 2246 nunc
902 2204 982 2256 sit3
1015 2205 1127 2247 idem
1150 2205 1194 2247 in
1218 2204 1321 2247 Hec.
1342 2208 1586 2248 571—580.

77 2273 210 2329 Hipp.
247 2277 550 2318 1243-1248.
611 2273 702 2317 Iam
748 2274 791 2316 in
833 2274 967 2317 Andr.
1013 2278 1298 2318 1158—1160
1345 2288 1414 2318 res
1461 2275 1588 2318 aliter

77 2357 125 2388 se
155 2343 311 2388 habet:

207 2437 211 2439 >
251 2413 377 2470 ἡμεῖς
407 2414 447 2456 δ’
480 2413 819 2469 ἀναρπάσαντες
850 2414 909 2465 ὡς
938 2414 1070 2470 τάχος
1101 2423 1253 2471 χεροῖν

251 2483 486 2540 κομίζομέν
516 2500 591 2527 νιν
625 2496 696 2527 σοι
730 2484 995 2537 κατοιμῶξαι
1027 2486 1151 2539 γόοις

252 2555 447 2598 κλαῦσαί
473 2570 532 2606 τε,
566 2553 752 2610 πρέσβυ,
786 2560 866 2610 γῆς
895 2571 941 2597 τε
973 2561 1192 2609 κοσμῆσαι
1224 2555 1350 2611 τάφῳ

77 2623 148 2668 hio
178 2623 314 2679 igitur
344 2637 500 2668 scaena
531 2625 764 2678 insequens
797 2629 1108 2679 p1·aeparatur;
1142 2637 1178 2667 v.
1206 2628 1315 2667 1166
1350 2624 1462 2666 enim
1496 2635 1588 2666 cor-

78 2706 162 2748 pus
182 2694 456 2747 Neoptolemi
477 2694 521 2735 in
543 2706 741 2736 scaenam
766 2694 919 2738 fertur.
956 2695 1128 2738 Heracl.
1153 2698 1384 2737 861-863
1409 2694 1590 2748 δεσμοῖς

79 2777 126 2806 τε
148 2763 288 2818 δήσας
317 2769 466 2819 χεῖρας
496 2762 764 2817 ἀκροθίνιον
785 2763 1024 2807 κάλλιστον
1055 2765 1149 2819 ἥκει
1182 2765 1260 2806 τὸν
1287 2763 1588 2820 στρατηλάτην

80 2833 203 2888 ἄγων
235 2834 313 2876 τὸν
345 2834 500 2888 ὄλβιον
532 2833 737 2889 πάροιθε.
802 2833 908 2876 haec
938 2835 1073 2888 igitur
1107 2834 1238 2877 verba
1271 2834 1325 2877 ad
1354 2834 1587 2877 adventum

81 2902 315 2958 Eurysthei
367 2907 579 2958 spectant.
644 2904 773 2946 Herc.
827 2907 1112 2947 1010—1015
1163 2915 1312 2947 versus
1362 2904 1435 2958 qui
1486 2904 1587 2957 quid
