1950 3308
715 270 979 309 -9-

83 384 301 436 abscedit,
349 387 399 427 ut
445 385 560 427 viros
607 384 662 427 ad
709 387 859 438 portas
901 382 1138 426 constituat
1179 381 1230 424 cf.
1274 381 1387 433 τάξω
1428 382 1592 435 μολών.

81 453 245 499 Tamen
285 458 324 497 vi
357 458 440 498 372
488 454 725 497 revertitur
770 466 912 508 neque
956 453 1040 496 illis
1083 451 1325 495 hominibus
1373 450 1595 505 dispositis

78 537 222 580 neque
253 525 308 568 de
338 525 530 568 adventu
571 524 714 567 nuntii
751 523 909 566 certior
940 523 1092 565 factus.
1155 522 1292 565 Poeta
1323 521 1458 576 igitur
1487 521 1596 564 Ete-

81 594 219 638 oclem
247 595 329 638 hac
359 607 446 638 una
477 595 532 638 de
563 606 694 638 causa
725 593 980 636 redeuntem
1013 592 1129 644 facit,
1173 596 1222 635 ut
1254 592 1294 635 ei
1325 592 1594 636 occasionem

83 677 180 709 cum
210 665 364 709 nuntio
407 665 461 708 de
505 667 673 718 septem
706 663 810 706 viris
841 663 1014 716 Argivis
1046 663 1250 716 loquendi
1282 663 1357 706 det
1388 663 1502 716 quod
1535 662 1596 705 di-

84 735 279 780 verbium
319 734 505 778 mediam
548 733 819 787 tragoediam
852 732 1001 787 explet
1017 732 1062 788 ¹).
1126 733 1314 776 Nuntius
1346 733 1597 775 narratione

80 809 254 861 septem
274 804 474 859 partibus
497 804 635 847 divisa
657 803 863 846 describit
895 815 1036 845 mores
1069 803 1225 845 ducum
1257 806 1424 857 septem
1458 803 1597 857 portis

84 874 390 931 oppugnandis
452 874 781 917 destinatorum.
873 872 922 915 In
976 871 1062 915 fine
1123 872 1461 928 uniuscuiusque
1523 874 1597 916 de-

83 945 331 1000 scriptionis
374 944 551 987 nuntius
584 943 800 998 postulat,
846 947 896 985 ut
927 942 1123 986 Eleocles
1171 956 1299 997 quem
1341 944 1385 986 in
1428 944 1597 986 hostem

82 1015 294 1059 missurus
325 1015 384 1059 sit
403 1015 609 1058 nominet.
662 1014 863 1057 Eteocles
894 1015 939 1057 in
971 1026 1178 1068 responso
1211 1027 1296 1057 non
1327 1014 1453 1057 modo
1485 1014 1598 1056 hunc

84 1085 224 1130 virum
268 1088 491 1139 nuncupat
543 1087 588 1127 et
639 1097 779 1127 mores
827 1084 920 1127 eius
965 1084 1195 1135 describit,
1250 1085 1327 1127 sed
1370 1085 1501 1127 etiam
1546 1097 1599 1127 ex

85 1155 403 1210 descriptione,
448 1167 575 1209 quam
619 1155 797 1197 nuntius
842 1155 895 1197 de
940 1154 1145 1197 heroibus
1189 1154 1401 1206 instituit,
1450 1154 1598 1197 vatici-

82 1227 212 1269 natus
252 1227 371 1268 recte
412 1225 559 1279 prodit
604 1224 743 1267 fatum
775 1226 890 1279 quod
923 1225 1096 1278 Argivis
1127 1224 1322 1267 futurum
1354 1224 1446 1276 sit;‡
1485 1237 1523 1267 e.
1557 1237 1598 1277 g.

84 1297 169 1339 437
184 1307 277 1350 sqq.
309 1297 428 1338 recte
473 1295 577 1338 dicit
619 1294 782 1338 fulmen
813 1295 927 1338 Iovis
961 1294 1210 1348 Capaneum
1242 1294 1502 1348 gloriantem
1535 1295 1598 1337 in-

83 1368 404 1420 terempturum
436 1377 555 1417 esse3
601 1365 654 1408 de
686 1368 824 1408 morte
856 1364 1181 1418 Parthenopaei
1213 1369 1332 1407 recte
1365 1365 1469 1407 dicit
1501 1377 1599 1407 eum

85 1436 167 1480 sub
214 1447 336 1478 muro
383 1436 528 1490 lapide
575 1435 729 1478 elisum
776 1435 828 1478 iri
887 1435 943 1491 (v.
991 1439 1071 1478 561
1122 1441 1299 1477 πυκνοῦ
1345 1441 1600 1491 κροτησμοῦ

85 1504 353 1561 τυγχάνουσ’
387 1505 476 1548 ὑπὸ
509 1505 708 1561 πτόλιν);
740 1506 870 1548 sortis
891 1506 1148 1559 Amphiarai
1170 1505 1328 1548 inscius
1361 1509 1428 1548 est
1458 1517 1600 1559 neque

83 1578 341 1631 putateum
373 1579 474 1619 ante
506 1588 652 1619 muros
685 1588 886 1618 casurum
918 1588 1013 1619 esse
1055 1575 1107 1619 cf.
1142 1579 1224 1618 615
1241 1587 1354 1629 sqq.;
1403 1575 1459 1618 ad
1490 1588 1599 1630 pug-

84 1658 186 1689 nam
216 1659 311 1689 cum
342 1646 480 1689 fratre
511 1650 692 1700 paratus
724 1647 778 1689 de
812 1650 971 1689 eventu
1005 1647 1190 1697 dubitat,
1237 1647 1351 1699 quod
1383 1646 1600 1690 Iustitiam

85 1728 132 1760 se
164 1716 410 1759 adiuturam
442 1729 539 1760 esse
572 1729 657 1759 non
689 1729 768 1770 pro
800 1721 919 1759 certo
953 1717 1085 1759 habet
1117 1715 1328 1772 (668l71),
1369 1720 1414 1759 et
1446 1716 1601 1759 chorus

84 1791 317 1842 postquam
347 1787 550 1830 Eteocles
595 1787 673 1829 has
721 1799 846 1830 curas
893 1788 1104 1842 repressit
1154 1788 1207 1829 de
1254 1787 1386 1830 caede
1429 1787 1602 1830 alterna

85 1855 270 1900 fratrum
302 1857 407 1901 dicit
439 1870 478 1900 v.
512 1860 592 1900 681

22 1926 25 1927 ⁷
262 1926 450 1983 ἀνδροῖν
481 1926 520 1969 δ’
554 1927 764 1982 ὁμαίμοιν
794 1927 994 1978 θάνατος
1025 1923 1100 1969 ὧδ’
1135 1926 1404 1977 αὐτόκτονος

86 1999 132 2040 et
163 2009 231 2040 vv.
265 1999 400 2050 683s4
430 1997 626 2040 Eleocles
670 1998 764 2052 ipse
806 2009 892 2040 non
938 1997 1110 2040 dubitat
1142 1998 1244 2051 quin
1274 1997 1385 2040 hanc
1418 2000 1602 2040 mortem

85 2066 309 2110 subiturus
340 2068 410 2110 sit.
463 2067 557 2111 Hoc
589 2068 714 2111 modo
747 2068 967 2121 responsis
991 2067 1181 2110 Eteoclis
1214 2071 1395 2110 eventus
1427 2080 1601 2121 pugnae

85 2138 404 2192 spectatoribus
447 2138 520 2191 qui
563 2141 699 2180 totam
742 2150 832 2179 rem
875 2150 928 2178 ex
959 2137 1180 2179 Thebaide
1222 2140 1266 2179 et
1303 2136 1601 2179 >Profectione

86 2207 363 2261 Amphiarai<
391 2210 618 2258 noverunt,
642 2208 726 2250 iam
749 2207 829 2250 hoc
851 2207 943 2249 loco
968 2207 1224 2260 explicatur.
1264 2206 1384 2261 Sept.
1410 2211 1493 2250 792
1507 2219 1599 2261 sqq.

85 2277 264 2320 nuntius
304 2277 496 2320 breviter
537 2277 591 2320 de
631 2277 754 2320 clade
786 2277 1047 2331 Argivorum
1092 2276 1251 2328 refert;
1298 2281 1483 2320 mortem
1514 2277 1601 2320 fra-

87 2350 204 2391 trum
253 2359 334 2401 per
377 2346 728 2401 stichomythiam
774 2348 947 2390 nuntiat
994 2347 1039 2400 (a
1070 2360 1109 2389 v.
1142 2348 1261 2400 804).
1314 2346 1503 2391 Causam
1534 2360 1602 2391 co·

85 2417 331 2472 gnoscimus
362 2429 438 2460 cur
469 2417 662 2460 narratio
695 2417 748 2460 de
779 2417 900 2460 exitu
930 2417 1109 2460 heroum
1137 2417 1361 2460 verbosior
1391 2430 1486 2461 esse
1518 2430 1602 2461 non

84 2487 301 2542 potuerit:
334 2487 534 2530 Eteocles
555 2491 600 2530 et
619 2487 797 2531 nuntius
819 2491 950 2530 antea
972 2499 1113 2530 mores
1136 2487 1315 2530 heroum
1339 2488 1600 2542 habitusque

85 2560 132 2600 et
174 2556 268 2601 fata
313 2557 376 2600 ita
420 2558 782 2612 explanaverant‚
832 2562 880 2600 ut
927 2561 1059 2611 poeta
1103 2569 1155 2600 ea
1201 2558 1358 2600 iterum
1404 2558 1601 2614 proferre

85 2626 234 2671 nollet.
281 2629 424 2682 Atque
457 2628 588 2670 etiam
621 2641 674 2670 ex
706 2640 756 2670 eo
789 2628 903 2682 quod
935 2627 1015 2670 hoc
1048 2628 1140 2669 loco
1174 2629 1351 2670 nuntius
1384 2631 1471 2669 tam
1505 2628 1602 2669 bre-

85 2697 200 2740 viter
239 2698 293 2739 de
332 2710 480 2750 pugna
512 2698 770 2750 Argivorum
803 2702 848 2740 et
879 2698 1182 2740 Thebanorum
1228 2701 1390 2747 narrat,
1433 2697 1600 2740 intelle-

210 2849 245 2895 1)
271 2848 395 2885 Etiam
429 2849 466 2883 in
493 2848 616 2884 Persis
653 2849 819 2884 narratio
856 2849 901 2885 de
937 2860 1060 2895 pugna
1100 2849 1300 2884 Salaminia
1335 2849 1489 2885 mediam
1528 2855 1601 2886 tra-

86 2907 254 2954 goedia-m
279 2912 391 2944 tenet.
