1950 3308
996 250 1285 289 —12—

514 365 607 407 Hae
640 369 738 406 sunt
770 363 887 415 leges
919 373 1029 415 quae
1061 361 1115 403 ad
1148 364 1368 403 externam
1392 361 1572 405 formam
1591 363 1888 407 narrationum

395 436 624 488 pertinent.
687 433 837 485 Itaque
869 431 1197 484 progrediamur
1229 431 1282 472 de
1315 434 1408 473 arte
1438 433 1642 474 narrandi
1670 432 1885 487 inquiren·

395 509 473 546 tes.
535 504 583 545 In
629 503 707 543 hac
753 501 1001 554 quaestione
1047 500 1127 542 hoc
1177 504 1278 542 ante
1327 502 1468 543 omnia
1517 501 1752 544 tenendum
1796 505 1885 544 est:
1939 521 1943 524 ·

394 573 567 615 nuntius
598 571 792 624 procedit
832 574 879 612 ut
909 571 1121 612 actionem
1152 573 1253 611 ante
1285 582 1482 612 scaenam
1514 570 1687 624 quidem
1714 570 1885 615 incoha-
1943 589 1950 594 ‘

394 646 506 691 tam,
556 642 630 683 sed
674 643 775 694 post
818 651 1016 682 scaenam
1061 642 1283 692 peractam
1325 651 1406 692 per
1452 639 1744 683 narrationem
1785 643 1886 683 ante

394 710 536 752 oculos
579 713 726 763 ponat.
788 709 989 751 Narratio
1033 709 1165 761 igitur
1207 708 1404 750 lacunam
1436 721 1546 762 quae
1575 708 1772 762 personis
1801 709 1885 752 alio
1936 719 1939 721 ’

392 779 483 821 loco
517 779 749 832 agentibus
792 779 834 820 in
876 779 1043 820 actione
1074 777 1324 830 tragoediae
1361 776 1542 820 efficitur
1572 778 1732 832 explet.
1795 777 1886 821 Hoc
1935 818 1940 822 .

393 852 536 891 autem
581 849 634 890 ad
678 851 977 901 argumentum
1022 847 1282 889 narrationis
1325 848 1470 900 magni
1500 849 1705 891 momenti
1735 847 1882 900 fuisse,

391 930 487 960 mea
531 918 699 970 quidem
745 916 960 959 sententia
1005 916 1310 969 compositione
1354 906 1650 959 narrationum
1691 929 1884 972 compro-

393 987 533 1028 batur.
595 986 853 1028 Narratione
886 985 997 1027 enim
1029 989 1122 1027 tota
1154 985 1264 1027 actio
1296 985 1429 1027 oculis
1461 985 1619 1028 nostris
1640 985 1884 1029 subiicitur:
1923 1025 1925 1028 ,

511 1056 550 1110 1)
582 1056 768 1097 Nuntius
800 1056 842 1097 in
875 1068 1070 1098 scaenam
1103 1067 1358 1108 progressus
1390 1055 1680 1098 narrationem
1713 1055 1767 1098 de
1788 1068 1884 1110 per-

393 1126 507 1167 sonis
551 1125 653 1178 quid
697 1126 896 1167 absentes
943 1124 1124 1178 egerint,
1169 1137 1221 1166 ex
1268 1137 1317 1166 eo
1367 1128 1561 1178 tempore
1605 1125 1755 1179 incipit
1800 1137 1885 1179 quo

393 1194 592 1236 abierunt
623 1195 649 1236 i.
673 1207 709 1236 e.
744 1207 826 1248 quo
859 1194 970 1236 actio
1003 1197 1103 1236 ante
1147 1206 1343 1236 scaenam
1376 1198 1499 1248 gesta
1530 1195 1657 1238 desiit
1687 1194 1740 1238 cf.
1769 1194 1885 1238 Med.

394 1267 475 1306 975
506 1264 630 1306 liberi
662 1277 754 1306 cum
777 1264 929 1307 Iasone
960 1266 1002 1305 in
1025 1264 1175 1306 aedem
1201 1264 1361 1306 abeunt
1376 1263 1420 1319 ¹).
1482 1264 1546 1306 Ab
1568 1264 1648 1308 hoc
1669 1267 1883 1308 momento

393 1334 569 1375 nuntius
599 1334 749 1387 incipit
772 1346 808 1375 v.
837 1337 946 1376 1136
981 1331 1074 1375 ἐπεὶ
1104 1332 1272 1375 τέκνων
1295 1341 1384 1376 σῶν
1410 1330 1521 1388 ἦλθε
1543 1334 1754 1389 δίπτυχος
1773 1333 1885 1388 γονὴ

394 1404 477 1444 σὺν
507 1401 638 1456 πατρὶ
669 1418 753 1445 κτε.
801 1402 851 1444 cf.
886 1403 918 1444 Ι.
942 1403 988 1445 T.
1016 1406 1138 1445 1223.
1188 1403 1253 1445 El.
1279 1406 1362 1445 744
1376 1415 1490 1457 sqq.:
1523 1402 1616 1446 ἐπεὶ
1645 1403 1885 1459 μελάθρων

391 1473 530 1513 τῶνδε
562 1471 791 1527 ἀπήραμεν
823 1473 940 1514 πόδα
972 1471 1179 1527 ἐσβάντες
1209 1470 1319 1527 ἦμεν
1351 1474 1559 1528 δίκροτον
1590 1474 1654 1522 εἰς
1675 1471 1884 1526 ἁμαξιτὸν
1930 1529 1931 1532 ¹

392 1539 483 1582 ἐνθ’
532 1538 587 1595 ἦν
631 1541 653 1583 ὁ
698 1542 868 1590 κλεινὸς
913 1548 1000 1582 τῶν
1045 1543 1325 1596 Μυκηναίων
1372 1542 1478 1594 ἄναξ
1525 1542 1701 1584 nuntius
1750 1542 1884 1595 igitur

391 1611 564 1655 ineunte
595 1611 841 1653 narratione
873 1614 1042 1664 spectat
1073 1613 1127 1653 ad
1161 1624 1198 1653 v.
1223 1615 1319 1662 698,
1353 1624 1434 1665 quo
1468 1624 1563 1654 cum
1590 1611 1746 1654 Oreste
1777 1611 1885 1654 abiit

393 1681 644 1733 Aegisthum
677 1685 873 1723 necatum
906 1680 958 1726 cf.
981 1681 1075 1724 Hel.
1101 1685 1399 1724 1526—1529.
1443 1681 1494 1724 In
1523 1681 1676 1724 Bacch.
1713 1675 1878 1725 1043-

395 1754 502 1792 1047
551 1751 724 1793 nuntius
778 1752 887 1793 viam
934 1764 1018 1805 qua
1064 1751 1119 1793 ad
1163 1751 1353 1794 Bacchas
1405 1751 1612 1802 venerint,
1665 1751 1881 1794 describit.

393 1819 558 1861 Ceteris
601 1820 644 1861 in
686 1821 922 1872 tragoediis
966 1821 1141 1862 nuntius
1184 1832 1268 1862 non
1311 1821 1414 1863 dicit
1455 1821 1555 1874 quid
1587 1831 1796 1873 personae
1826 1821 1880 1862 ad

392 1888 604 1941 agendum
648 1889 867 1941 profectae
910 1890 953 1931 in
986 1890 1054 1931 via
1096 1889 1300 1931 fecerint:
1342 1890 1500 1942 partim
1531 1889 1644 1942 quod
1674 1900 1883 1943 personas

391 1970 475 1999 non
519 1958 711 2000 comitati
754 1962 866 2008 sunt,
911 1959 1068 2011 partim
1100 1959 1211 2012 quod
1244 1959 1323 2000 hoc
1353 1959 1461 2000 scire
1492 1971 1578 2001 non
1607 1959 1787 2001 multum
1819 1959 1882 2000 in·-

391 2030 527 2069 terest
559 2031 603 2069 et
633 2039 710 2070 nos
741 2028 823 2080 ipsi
844 2040 1050 2081 personas
1073 2028 1279 2071 abeuntes
1301 2028 1495 2071 vidimus.
1539 2027 1590 2070 cf.
1615 2028 1743 2082 Hipp.
1771 2030 1880 2070 1102

392 2096 464 2137 ubi
496 2096 755 2150 Hippolytus
787 2097 898 2138 abit:
956 2098 1146 2139 narratio
1178 2100 1322 2139 autem
1356 2110 1441 2139 non
1481 2098 1534 2140 ab
1579 2098 1659 2140 hoc
1690 2098 1880 2142 discessu

391 2165 558 2207 initium
590 2167 718 2219 capit,
766 2166 843 2208 sed
874 2166 979 2208 illud
1010 2167 1140 2208 breve
1180 2167 1391 2220 praeterit
1422 2171 1593 2220 tempus
1623 2167 1736 2221 quod
1767 2166 1882 2225 inter

392 2235 625 2277 discessum
656 2240 700 2277 et
731 2236 959 2284 adventum
994 2237 1047 2277 ad
1079 2236 1180 2277 litus
1219 2237 1348 2279 maris
1379 2237 1632 2287 intercedit;
1675 2237 1779 2279 item
1810 2247 1881 2278 res

392 2315 438 2345 se
488 2304 643 2346 habet:
695 2304 799 2346 Hec.
834 2308 911 2345 521
931 2316 1021 2356 sqq.
1039 2303 1084 2359 2).
1147 2304 1278 2346 Andr.
1314 2308 1422 2346 1008
1468 2305 1646 2347 Orestes
1689 2305 1881 2358 Delphos

513 2453 549 2498 1)
574 2443 643 2488 hac
680 2464 752 2488 una
788 2453 826 2488 in
860 2452 1050 2498 tragoedia
1084 2464 1156 2488 non
1189 2454 1305 2489 solum
1341 2454 1521 2488 canticum
1554 2453 1758 2489 narrationi
1794 2457 1881 2489 ante

393 2511 498 2555 cedit,
537 2511 602 2547 sed
627 2512 736 2547 etiam
763 2512 961 2547 diverbium
989 2511 1141 2547 Medeae
1167 2516 1203 2546 et
1227 2511 1431 2556 paedagogi
1456 2522 1500 2547 ex
1526 2512 1677 2548 aedibus
1702 2513 1881 2548 venientis

392 2574 428 2605 et
451 2571 562 2615 longa
587 2571 704 2606 oratio
730 2570 891 2606 Medeae.
942 2570 1008 2606 His
1034 2574 1154 2605 autem
1179 2571 1298 2606 verbis
1324 2571 1534 2615 praemissis
1561 2581 1603 2606 eo
1628 2571 1742 2616 magis
1769 2571 1816 2606 ad
1841 2571 1878 2606 id

393 2629 488 2673 quod
515 2629 611 2665 domi
636 2631 756 2675 agitur
783 2634 999 2675 spectamus.

511 2692 548 2734 2)
576 2690 693 2725 Schol.
713 2690 799 2724 Eur.
820 2690 905 2724 Hec.
925 2691 991 2723 521
1019 2693 1190 2724 annotat:
1216 2689 1356 2734 αἴτημα
1382 2689 1581 2733 σκηνικὸν·
1606 2695 1690 2730 πῶς»
1710 2689 1781 2735 γὰρ
1811 2694 1880 2726 τοῦ

391 2745 569 2791 Ἀχιλλέως
595 2745 635 2783 ἐν
659 2753 703 2794 τῇ
732 2749 849 2796 Τροίᾳ
875 2746 1064 2787 θανόντος
1088 2748 1173 2787 τοὺς
1191 2745 1374 2792 ’Ἕλληνάς
1400 2759 1492 2792 φησι
1526 2749 1598 2791 πρὸ
1632 2753 1698 2783 τοῦ
1721 2748 1876 2795 τύμβου·

392 2805 504 2840 θύειν
531 2803 571 2840 ἐν
596 2805 839 2853 Χερσοννήσῳ
868 2805 993 2851 ὄντας;
1019 2818 1090 2841 non
1116 2811 1215 2842 recte
1232 2806 1431 2851 Elsperger
1455 2806 1586 2841 Philol.
1612 2807 1738 2851 Suppl.
1756 2807 1807 2841 XI
1832 2807 1878 2842 de

393 2865 462 2899 hoc
490 2865 569 2900 loco
595 2865 752 2910 iudicat3
778 2877 861 2901 nam
878 2866 1006 2900 heroes
1024 2866 1060 2900 in
1080 2866 1218 2901 tumulo
1240 2866 1317 2901 solo
1334 2865 1531 2901 venerandi
1549 2869 1644 2901 sunt.
1670 2865 1716 2900 cf.
1737 2865 1878 2910 Rhode,
