1950 3308
936 278 1225 319 -13-

338 395 478 438 Ovidii
519 399 612 438 arte
654 395 776 448 epica
807 392 1071 445 conscripsit,
1115 392 1236 445 sequi
1267 404 1507 446 possumus.
1569 394 1654 439 Sed
1681 395 1750 440 his
1779 396 1824 440 in

337 465 501 507 duabus
534 464 661 506 rebus
692 461 899 515 imprimis
936 473 1092 514 magna
1124 466 1191 504 est
1222 460 1465 505 differentia
1493 463 1607 507 inter
1637 466 1826 510 carmina

336 535 456 587 epica
502 537 544 574 et
587 532 832 573 nuntiorum
879 531 1148 573 narrationes
1193 531 1403 585 tragicas:
1450 533 1642 576 narratio
1685 534 1825 580 nuntii

333 615 432 655 pars
465 602 714 653 tragoediae
746 603 812 642 est
841 612 981 653 neque
1012 612 1090 653 per
1121 612 1168 643 se
1200 604 1317 643 stare
1340 604 1509 654 potest3
1543 602 1699 646 deinde
1717 616 1824 648 nun-

333 672 417 713 tius
448 671 639 723 tragicus
672 674 720 711 ut
750 682 934 723 persona
965 670 1216 723 tragoediae
1255 682 1350 712 cum
1382 669 1604 716 affectibus
1636 675 1681 716 et
1711 673 1823 728 cogi-

333 740 566 782 tationibus
608 740 652 781 in
695 742 970 792 conspectum
1012 742 1206 782 nostrum
1249 740 1379 782 venit.
1453 740 1606 795 Itaque
1647 754 1733 785 non
1775 747 1823 787 ut

332 809 572 862 rhapsodus
623 809 763 851 animo
813 808 930 850 lento
978 812 1022 850 et
1072 809 1200 850 rebus
1250 822 1335 851 non
1386 810 1567 853 multum
1613 815 1822 856 commoto

330 891 507 921 narrare
552 882 697 932 potest
711 877 755 934 ¹),
800 879 876 920 sed
921 890 1064 919 rerum
1104 878 1323 932 particeps
1364 891 1460 922 esse
1499 881 1652 934 debet3
1694 883 1822 926 simul

330 961 460 990 causa
492 947 710 990 afferenda
741 951 847 998 erat,
880 959 964 1000 qua
995 947 1100 989 haec
1131 947 1273 990 omnia
1303 961 1480 991 narrare
1510 952 1713 1003 potuerit.

445 1017 536 1059 Hoc
568 1029 618 1059 eo
661 1015 842 1059 efficitur
873 1017 987 1069 quod
1029 1017 1205 1060 nuntius
1242 1029 1316 1060 eas
1347 1030 1416 1060 res
1446 1018 1559 1062 solas
1590 1014 1697 1074 quas
1726 1008 1822 1076 ipse

328 1087 434 1129 vidit
481 1099 560 1140 per
603 1087 894 1129 narrationem
940 1085 1119 1139 profert.
1179 1086 1238 1129 Et
1284 1088 1384 1130 dum
1436 1089 1613 1132 nuntius
1657 1094 1820 1144 narrat,

325 1156 464 1199 nuntii
507 1156 628 1210 quasi
669 1157 846 1198 comites
882 1167 1028 1198 sumus
1060 1159 1104 1198 et
1135 1169 1204 1199 res
1235 1157 1368 1200 oculis
1409 1159 1501 1201 eius
1533 1159 1672 1203 denuo
1703 1161 1819 1205 vide·

327 1239 433 1268 mus.
495 1226 681 1268 Nuntius
722 1226 805 1268 iam
837 1226 1014 1268 ineunte
1056 1226 1303 1269 narratione
1342 1228 1597 1290 plerumque
1633 1229 1820 1285 explicat

327 1296 538 1349 quomodo
588 1295 682 1349 ipse
732 1307 802 1337 res
853 1295 1034 1347 viderit3
1086 1295 1139 1338 cf.
1177 1295 1288 1338 Med.
1325 1297 1635 1350 1136—11433
1686 1298 1818 1354 Hipp.

329 1368 639 1415 1173—1177;
685 1364 788 1406 Hec.
822 1367 1077 1419 521—524;
1123 1366 1255 1408 Andr.
1292 1369 1602 1420 1085-1087;
1646 1367 1816 1412 HeracL

325 1437 550 1477 800—801
591 1433 966 1490 (ἀντετάξαμεν).
1042 1435 1192 1488 Suppl.
1231 1438 1474 1479 650—652.
1546 1437 1580 1480 Ι.
1604 1437 1651 1480 Τ.
1675 1441 1817 1482 260-4
1850 1480 1860 1490 ,

325 1507 433 1555 268;
490 1507 789 1546 1327—1344.
850 1504 916 1546 El.
955 1508 1196 1547 774—776.
1270 1504 1322 1547 cf.
1373 1505 1470 1550 Hel.
1519 1508 1666 1550 statim
1717 1511 1817 1562 post

324 1574 463 1627 prima
512 1574 644 1616 verba
693 1587 759 1616 vv.
797 1576 1103 1626 1530—1536;
1153 1575 1259 1617 item
1309 1575 1470 1619 Phoen.
1505 1580 1815 1635 1098—11013

323 1643 396 1686 Or.
430 1647 673 1686 866—870.
722 1643 872 1686 Bacch.
906 1647 1148 1695 677—-679,
1181 1643 1336 1687 Bacch.
1371 1649 1670 1689 1043—1047.
1730 1647 1814 1690 Ex·

321 1713 458 1766 ceptis
489 1713 624 1766 igitur
654 1713 970 1755 narrationibus
1005 1713 1339 1757 Phoenissarum
1366 1713 1522 1770 (altera
1550 1715 1815 1772 narratione)

322 1782 519 1824 Herculis
541 1783 656 1825 Ionis
678 1783 870 1825 videmus
901 1783 1073 1826 nuntios
1104 1783 1188 1826 iam
1219 1783 1467 1827 ineuntibus
1498 1785 1828 1830 narrationibus

321 1852 454 1894 verba
486 1852 538 1893 de
570 1864 616 1893 se
647 1851 789 1893 faeere
804 1851 847 1904 2).
910 1852 1053 1894 Etiam
1085 1865 1163 1905 per
1205 1856 1341 1895 totam
1384 1855 1675 1897 narrationem
1705 1867 1813 1907 nun-

321 1921 407 1962 tius
438 1920 611 1973 saepius
642 1921 734 1973 ipse
772 1921 873 1973 quid
907 1919 1058 1962 fecerit
1086 1919 1237 1963 refert:
1280 1922 1324 1963 in
1358 1922 1490 1975 Hipp.
1527 1924 1810 1966 1178—1197

323 2003 418 2033 eum
451 2002 546 2032 cum
578 1989 813 2044 Hippolyto
845 1990 900 2031 ad
930 1989 1033 2032 litus
1065 1989 1162 2032 vehi
1193 1991 1401 2041 videmus,
1433 2004 1500 2034 vv.
1526 1992 1810 2036 1204—1217

321 2063 473 2102 taurus
505 2060 715 2113 quomodo
746 2059 789 2100 in
817 2063 1092 2112 conspectum
1114 2072 1239 2102 suum
1260 2061 1428 2103 venerit
1448 2065 1597 2105 narrat
1618 2066 1663 2105 et
1684 2063 1811 2106 simul

322 2134 494 2172 taurum
535 2129 737 2171 describit
748 2143 757 2182 ς
803 2128 986 2182 denique
1019 2141 1086 2171 vv.
1124 2129 1283 2184 1243l4
1315 2131 1368 2172 de
1399 2143 1446 2173 se
1475 2132 1590 2186 agit;
1621 2132 1735 2175 idem
1766 2133 1812 2185 in

323 2201 457 2242 Andr.
483 2202 778 2241 1100—1103.
827 2202 1136 2250 1157—1160;
1168 2199 1200 2241 Ι.
1225 2200 1272 2241 Τ.
1305 2212 1385 2253 per
1415 2203 1551 2243 totam
1582 2204 1811 2256 utramque

322 2259 631 2319 narrationem3
664 2268 767 2309 item
797 2268 840 2310 in
863 2268 957 2310 Hel.
986 2271 1295 2323 1530—1617;
1329 2269 1537 2322 optimum
1568 2272 1812 2326 exemplum

322 2338 502 2391 praebet
540 2336 812 2387 Phoenissae,
858 2337 931 2378 ubi
973 2337 1148 2378 nuntius
1191 2350 1381 2390 pugnam
1413 2339 1671 2392 Argivorum
1701 2341 1810 2384 The-

322 2407 625 2461 banorumque.
645 2406 889 2449 describens
911 2417 1005 2447 eam
1027 2408 1194 2448 tantum
1217 2409 1386 2459 partem
1409 2408 1643 2461 depingere
1664 2413 1811 2462 potest

322 2489 447 2530 quam
478 2477 571 2529 ipse
600 2476 819 2518 Eteoclem
850 2478 1021 2518 secutus
1053 2475 1160 2517 vidit
1191 2475 1244 2517 cf.
1277 2488 1317 2518 v.
1353 2476 1513 2531 116314

497 2543 590 2587 ἐπεὶ
621 2543 668 2586 δὲ
698 2545 819 2586 τάσδ’
852 2543 1021 2586 ἐσεῖδεν
1051 2544 1248 2598 εὐτυχεῖς
1278 2545 1421 2594 πύλας

494 2615 628 2664 ἄλλοις
656 2612 779 2670 ἐπῄει
808 2619 910 2663 παῖς
940 2614 1031 2667 σός,
1063 2614 1251 2667 εἱπόμην
1282 2615 1320 2663 δ’
1353 2613 1439 2668 ἐγὼ

444 2731 478 2775 1)
506 2730 552 2766 cf.
579 2736 701 2767 tamen
730 2731 815 2766 Wil.
842 2730 984 2766 Griech.
1004 2731 1075 2766 Lit.
1095 2731 1223 2767 Gesch.
1251 2743 1285 2775 p.
1305 2734 1326 2766 6
1351 2730 1397 2775 de
1422 2730 1627 2777 rhapsodis,
1654 2731 1804 2768 Robert.

321 2786 442 2823 Herm.
469 2791 526 2832 44,
553 2792 622 2826 396
648 2790 693 2826 de
717 2790 864 2826 nuntiis.

439 2848 477 2891 2)
502 2847 625 2883 Etiam
665 2850 721 2885 his
761 2850 798 2884 in
836 2848 1032 2894 tragoediis
1069 2850 1217 2885 nuntius
1258 2849 1367 2884 rebus
1416 2848 1584 2884 interfuit
1625 2847 1670 2884 cf.
1696 2848 1804 2884 Herc.

322 2906 390 2939 927
402 2915 492 2950 sqq.,
520 2909 610 2942 1016
621 2918 711 2952 sqq.,
737 2909 803 2944 Ion
830 2910 930 2944 1185.
984 2909 1118 2944 Phoen.
1148 2911 1235 2944 1461
1250 2919 1329 2953 sqq.
