1950 3308
877 300 1163 338 —38-

284 417 523 455 777—7796.
577 414 780 455 Similiter
813 415 961 463 pastor
993 415 1040 452 ut
1072 423 1202 464 supra
1234 412 1561 455 commemoraVi
1591 413 1634 456 in
1663 413 1697 456 14
1721 415 1768 458 T.

283 486 509 524 264—280
540 482 680 523 reddit
713 481 841 521 verba
864 484 1085 532 pastorum
1118 492 1228 534 quae
1260 493 1349 522 rem
1373 482 1546 524 minoris
1569 485 1773 527 momenti
1811 475 1814 478 ’

280 551 593 594 accuratissime
645 549 901 591 describunt.
990 548 1134 591 Etiam
1190 550 1233 591 in
1285 551 1530 593 narratione
1582 551 1774 598 Helenae

280 622 413 662 multa
437 620 566 660 verba
589 619 750 660 directa
770 617 1028 671 afferuntur3
1062 618 1113 661 cf.
1138 619 1234 661 Hel.
1262 623 1566 673 1543—15463
1603 625 1775 666 1560-2·

284 693 414 738 15643
449 701 514 728 vv.
552 691 734 738 1579181
770 688 945 730 nuntius
977 688 1108 730 breve
1141 689 1380 731 diverbium
1411 690 1576 733 reddit:

450 756 503 798 ἔτ’
540 754 572 798 ὦ
605 756 688 808 ξέν’
723 758 785 807 εἰς
814 758 863 799 τὸ
895 759 1096 811 πρόσθεν
1127 757 1154 811 ἢ
1185 761 1326 808 καλῶς
1356 759 1442 813 ἔχει

451 827 733 879 πλεύσωμεν;
767 825 895 881 ἀρχαὶ
927 827 1009 881 γὰρ
1042 827 1150 875 νεὼς
1181 826 1368 879 μέλουσί
1396 839 1465 870 σοι

278 895 499 938 Menelaus
533 896 723 938 breviter
754 900 802 937 ut
832 893 1054 950 ναύαρχος
1084 896 1226 938 facere
1258 898 1368 939 solet
1394 899 1646 951 respondet:
1679 899 1776 950 ἅλις

282 980 369 1017 μοι.
431 964 511 1007 Hic
554 966 751 1006 nuntium
797 977 1035 1006 sermonem
1082 965 1342 1008 cotidianum
1385 966 1547 1010 imitari
1577 971 1775 1022 apertum

281 1038 347 1076 est
368 1034 412 1084 1).
489 1034 540 1077 cf.
591 1034 686 1077 Hel.
737 1037 1045 1086 1584—15873
1101 1039 1407 1088 1589—15913
1464 1040 1773 1091 1592—15953

284 1103 588 1157 1597—1599;
618 1107 923 1156 1603—1604;
947 1104 1106 1146 Phoen.
1135 1109 1440 1157 1145—11473
1467 1109 1772 1159 1225—1234;

288 1166 1775 1228 1250—125331365—136931373÷137431432—143331436—-
1815 1174 1817 1176 ³

285 1247 416 1294 14373
453 1246 737 1286 1444—1453
759 1243 931 1299 (quibus
963 1244 1105 1286 verbis
1138 1244 1348 1298 Polynicis
1379 1246 1491 1288 actio
1522 1246 1773 1300 tragoediae

279 1313 506 1366 insequens
552 1315 869 1367 praeparatur.)
933 1314 1006 1357 Or.
1030 1318 1259 1357 875-878
1299 1315 1474 1357 nuntius
1506 1320 1554 1358 ut
1572 1316 1771 1402 quisquis

279 1382 552 1424 Atheniensis
584 1383 824 1436 interrogat

452 1454 497 1493 τί
523 1453 678 1494 καινὸν
698 1451 877 1507 ”Αργει;
910 1460 1006 1507 μῶν
1037 1469 1078 1495 τι
1110 1454 1333 1507 πολεμίων
1364 1453 1481 1509 πάρα

452 1521 629 1575 ἄγγελμ’
664 1521 935 1577 ἀνεπτέρωκε
967 1524 1205 1565 Δαναιδῶν
1236 1525 1392 1574 πόλινς

281 1594 324 1631 et
356 1590 458 1633 civis
494 1591 676 1644 Argivus
708 1592 896 1634 breviter
928 1593 1162 1645 respondet

449 1659 654 1714 Ὀρέστην
684 1669 835 1703 κεῖνον
867 1662 947 1717 οὐχ
980 1662 1086 1717 ὁρᾷς
1115 1662 1250 1711 πέλας

453 1729 662 1785 στείχοντ’
695 1730 844 1784 ἀγῶνα
874 1732 1127 1785 θανάσιμον
1159 1732 1487 1786 δραμούμενον·

279 1798 452 1840 nuntius
483 1799 739 1852 colloquium
772 1801 914 1843 reddit
947 1802 1071 1854 quale
1105 1801 1388 1844 Athenienses
1421 1802 1576 1843 cotidie
1608 1801 1652 1843 in
1682 1799 1774 1842 folo

282 1867 526 1908 audiebant.
579 1868 699 1922 (Tale
734 1869 989 1922 colloquium
1022 1872 1135 1922 quod
1166 1870 1302 1911 levem
1335 1875 1534 1912 naturam
1565 1869 1773 1912 sermonis

281 1936 482 1978 cotidiani
513 1937 667 1986 reddit,
701 1937 867 1979 initium
904 1939 1161 1980 narrationis
1196 1943 1377 1991 occupat
1409 1939 1525 1981 velut
1555 1938 1599 1980 in
1630 1939 1774 1992 priore

281 2005 429 2047 nuntio
461 2005 712 2058 Iphigeniae
743 2007 824 2060 T.).
886 2008 992 2049 Item
1026 2020 1095 2049 res
1126 2020 1172 2050 se
1204 2008 1336 2050 habet
1366 2009 1410 2050 in
1441 2021 1480 2050 v.
1513 2008 1658 2063 88516,
1702 2008 1775 2050 ubi

282 2087 438 2127 praeco
470 2075 709 2128 interrogat
739 2079 805 2125 τίς
835 2075 982 2132 χρῄζει
1008 2077 1152 2130 λέγειν
1174 2078 1190 2130 Η
1213 2079 1403 2131 πότερον
1435 2076 1646 2132 Ὀρέστην
1675 2092 1774 2119 κατ-

285 2148 458 2185 θανεῖν
477 2143 502 2197 ἢ
533 2145 592 2198 μὴ
613 2146 753 2198 χρεὼν
776 2147 792 2199 Η
813 2153 1218 2201 μητροκτονοῦντας
1251 2147 1344 2200 quis
1367 2159 1419 2188 ex
1443 2146 1773 2189 Atheniensibus

281 2213 593 2265 spectatoribus
637 2215 678 2255 in
720 2215 986 2258 contionibus
1018 2217 1166 2269 populi
1206 2218 1271 2264 τίς
1304 2215 1536 2270 ἀγορεύειν
1566 2216 1774 2270 βούλεται

280 2294 364 2323 non
408 2281 662 2324 audiverat?
724 2283 950 2326 Orationes
982 2297 1127 2326 eorum
1160 2286 1231 2338 qui
1274 2287 1326 2327 de
1359 2298 1404 2326 re
1435 2286 1669 2338 loquuntur
1700 2285 1774 2327 ob-

281 2352 423 2404 liquae
445 2351 680 2394 afferuntur
713 2358 756 2395 et
779 2354 909 2395 verba
933 2353 1098 2396 Orestis
1131 2367 1196 2395 vv.
1222 2358 1449 2396 932—942
1483 2355 1573 2396 sola
1596 2354 1772 2397 directa.

284 2421 334 2462 ef.
367 2420 518 2463 Bacch.
554 2420 803 2472 718—7213
853 2425 1092 2465 731—733.
1131 2426 1427 2475 1059—1062‚
1475 2426 1771 2472 1079-1081,

287 2493 584 2541 1106--1109,
621 2494 918 2533 1118-1121,

398 2559 459 2602 Ut
489 2572 558 2602 res
589 2561 724 2613 magis
767 2565 867 2602 ante
908 2562 1052 2603 oculos
1093 2561 1338 2612 habeamus,
1385 2561 1559 2603 nuntius
1602 2561 1771 2614 saepius

284 2628 632 2672 similitudinibus
683 2630 832 2671 utitur.
913 2629 1002 2672 Iam
1050 2630 1261 2672 Homerus
1309 2630 1577 2672 narrationes
1628 2630 1771 2683 epicas

284 2697 630 2740 similitudinibus
673 2699 852 2741 ornavit.
927 2698 1020 2740 Hae
1063 2702 1206 2741 autem
1251 2699 1503 2752 plerumque
1557 2698 1771 2752 longiores

404 2802 438 2844 1)
465 2801 509 2835 cf.
546 2802 699 2837 Aristot.
736 2802 842 2837 Rhet.
872 2804 961 2836 1404
997 2802 1027 2836 b.
1056 2805 1121 2836 20:
1165 2800 1359 2836 κλέπτεται
1387 2798 1427 2836 εὖ
1453 2798 1520 2836 ἐάν
1555 2814 1610 2841 τις
1645 2798 1685 2836 ἐκ
1708 2805 1772 2845 τῆς

283 2855 462 2908 εἰωθυίας
485 2859 679 2895 διαλέκτου
707 2858 863 2906 ἐκλέγων
902 2864 1080 2906 συντιθῇ·
1118 2860 1207 2904 ὅπερ
1235 2861 1445 2904 Εὐριπίδης
1468 2863 1576 2895 ποιεῖ
1596 2859 1659 2894 καὶ
1685 2857 1770 2894 ’ὑπέ-

282 2917 379 2960 δειξε
403 2923 557 2962 πρῶτος.
