1950 3308
905 267 1163 305 —ss—

288 386 475 428 rationes
506 397 601 427 cum
634 383 797 424 duabus
830 393 934 434 quas
967 384 1096 422 antea
1117 381 1300 423 tractavi
1323 382 1562 435 comparari
1583 385 1778 436 possunt,

287 455 399 508 quod
425 454 554 496 etiam
585 451 865 505 καταστροφὴ
897 451 981 492 iam
1004 450 1162 492 dudum
1185 462 1263 503 per
1285 453 1422 492 totam
1444 450 1632 494 fabulam
1653 464 1779 506 prae-

286 527 438 577 parata
480 521 574 563 finis
618 521 742 562 huius
785 520 964 562 actionis
996 520 1022 561 i.
1057 532 1091 561 e.
1137 520 1270 562 totius
1301 519 1480 562 actionis
1510 524 1591 562 est.
1652 521 1778 571 Tales

287 593 554 634 narrationes
576 589 795 643 Euripidis
826 590 869 630 in
902 589 1056 631 fabulis
1089 601 1259 642 semper
1291 601 1315 631 a
1346 590 1496 632 nuntio
1518 589 1778 643 recitari-trin

285 662 397 703 Med.
434 662 717 702 1136—1230
749 659 924 701 nuntius
947 662 1126 700 mortem
1150 658 1338 700 Creusae
1360 663 1404 701 et
1427 657 1624 702 Creontis
1655 671 1779 703 enar·

284 735 365 772 rat.
419 729 510 771 Hac
540 729 786 771 narratione
817 728 1092 781 catastropha
1114 728 1364 781 tragoediae
1385 729 1648 783 continetur3
1681 741 1779 773 nam

284 813 378 842 cum
400 802 499 841 ante
521 798 811 840 narrationem
842 810 910 840 res
932 798 1069 840 adhuc
1091 798 1280 840 incertae
1303 799 1400 852 sint,
1432 802 1569 841 morte
1591 798 1779 842 Creusae

285 873 328 912 et
361 868 556 911 Creontis
587 868 784 909 nuntiata
815 871 938 909 tanta
969 867 1245 909 commutatio
1277 866 1346 917 fit,
1392 871 1441 910 ut
1479 880 1592 912 mors
1622 868 1779 914 libero-

282 952 376 981 rum
417 937 637 991 flagitetur
668 949 806 989 neque
839 937 968 978 dubia
1001 937 1078 987 sit3
1123 936 1172 978 cf.
1207 949 1246 978 v.
1278 936 1574 988 Wilamowitz,
1607 937 1776 985 Griech.

283 1008 411 1060 Trag.
434 1006 510 1057 III,
547 1009 786 1048 186-187.
840 1005 1004 1048 Caedes
1036 1006 1169 1059 igitur
1199 1018 1430 1059 puerorum
1462 1018 1547 1048 non
1577 1018 1682 1060 pars
1709 1018 1780 1051 ca-

284 1075 534 1129 tastrophae
566 1079 645 1126 est,
694 1075 770 1117 sed
811 1075 890 1117 hac
929 1079 1054 1128 parte
1086 1074 1255 1118 fabulae
1287 1075 1538 1134 explicatur,
1581 1077 1693 1130 quod
1724 1089 1779 1120 ex
1828 1110 1831 1113 «

284 1146 613 1189 commutatione
646 1157 788 1187 rerum
822 1145 1017 1198 sequitur
1032 1145 1079 1199 ¹).
1131 1145 1571 1198 Hipp.1173—1254
1602 1146 1778 1189 nuntius

282 1218 463 1257 mortem
504 1214 728 1268 Hippolyti
769 1214 993 1267 describit3
1043 1214 1093 1256 cf.
1136 1215 1302 1257 Heracl.
1347 1218 1600 1268 799—8663
1646 1215 1775 1262 Herc.

285 1288 564 1335 923—10153
617 1284 765 1338 Suppl.
812 1287 1064 1335 630—730;
1117 1284 1148 1326 I.
1183 1285 1228 1326 T.
1279 1283 1636 1340 1327—1410²);
1685 1285 1776 1330 Ion.

286 1356 593 1404 1122—12263
624 1352 691 1395 El.
724 1357 976 1404 774—8553
1010 1354 1104 1396 Hel.
1142 1355 1447 1408 1526—1618;
1481 1354 1641 1398 Phoen.
1667 1358 1778 1398 1090

282 1426 467 1465 —1199.
495 1425 792 1465 1356—1477.
823 1423 896 1466 Or.
919 1423 1201 1466 1369—1502
1224 1424 1386 1479 (Phryx
1406 1437 1485 1478 per
1506 1425 1734 1480 canticum)
1746 1423 1777 1478 ³)

285 1492 438 1534 Bacch.
475 1493 774 1534 1043—1153.
807 1492 839 1534 I.
872 1493 921 1534 A.
958 1497 1255 1535 marom-1612.
1288 1493 1417 1535 Rhes.
1452 1494 1707 1537 756-803.'

351 1561 469 1603 Haec
486 1561 570 1603 tria
588 1574 746 1614 genera
764 1563 893 1604 etiam
910 1562 952 1603 in
970 1562 1241 1616 Sophoclis
1259 1562 1413 1605 fabulis
1430 1564 1706 1606 inveniuntur
1722 1563 1775 1607 cf.

282 1700 357 1733 arg.
385 1689 473 1723 Eur.
500 1689 577 1723 Alc.
618 1689 659 1724 τὸ
700 1687 740 1723 δὲ
781 1689 904 1734 δρᾶμα
941 1687 1015 1724 ἐστι
1055 1691 1351 1735 σατυρικώτερον
1387 1689 1443 1726 ὅτι
1482 1690 1535 1731 εἰς
1568 1690 1691 1736 χαρὰν
1717 1693 1778 1727 καὶ

282 1746 426 1791 ἡδονὴν
451 1745 717 1793 καταστρε’φει;
755 1749 814 1782 hic
839 1749 918 1783 voci
953 1748 1192 1794 καταστροφὴ
1233 1750 1332 1784 notio
1370 1750 1648 1794 permutationis
1682 1750 1778 1786 inest
1819 1785 1821 1788 Α

283 1805 378 1849 quod
416 1806 614 1850 opponitur
650 1807 768 1842 tristis
804 1809 1040 1852 catastropha
1075 1812 1110 1842 et
1144 1809 1340 1852 perniciem
1366 1809 1549 1843 hominum
1574 1808 1776 1853 perficiens.

281 1864 499 1899 Aristoteles
534 1865 627 1898 hanc
662 1866 936 1909 catastropham
971 1866 1115 1900 nomine
1139 1865 1340 1912 μετάβασις
1366 1867 1567 1911 significat3
1605 1866 1652 1902 cf.
1679 1870 1777 1911 poet.

283 1933 311 1957 c.
341 1925 383 1957 18
410 1933 480 1967 quo
506 1923 586 1957 loco
612 1922 713 1962 λύσις
736 1923 774 1957 id
791 1923 970 1968 significat
990 1924 1086 1968 quod
1103 1925 1203 1959 notio
1230 1925 1468 1970 καταστροφὴ
1495 1926 1592 1961 inter
1609 1927 1775 1962 notiones

283 1979 465 2025 πρότασιν
492 1977 663 2016 ἐπίτασιν
689 1981 962 2027 καταστροφήν.

405 2054 438 2096 1)
464 2052 550 2086 item
576 2062 634 2088 res
660 2063 699 2087 se
726 2053 837 2088 habet
862 2053 899 2087 in
926 2053 1208 2089 E1.774-855:
1235 2059 1318 2099 post
1335 2055 1582 2090 narrationem
1607 2065 1665 2090 res
1692 2065 1776 2090 vere

283 2114 549 2145 commutantur
574 2114 610 2145 et
635 2121 680 2146 ex
705 2110 815 2146 caede
832 2112 1000 2156 Aegisthi
1025 2112 1154 2148 caedes
1174 2113 1458 2158 Clytaemestrae
1484 2117 1582 2149 certe
1599 2114 1775 2158 sequitur,

283 2179 499 2213 quamquam
526 2169 689 2204 Orestem
715 2170 861 2205 sceleris
888 2171 1100 2215 paenitebit.

401 2229 438 2272 2)
465 2228 532 2262 hoc
558 2228 637 2263 loco
665 2229 760 2263 actio
786 2240 857 2263 non
883 2229 1007 2264 finitur
1034 2230 1130 2273 quod
1156 2229 1244 2274 fuga
1263 2231 1486 2266 Graecorum
1511 2230 1669 2266 nondum
1693 2241 1775 2277 per-

282 2285 379 2321 fecta
404 2290 470 2322 est.
508 2288 585 2322 Hoc
603 2292 713 2332 poeta
739 2288 815 2322 sine
842 2281 949 2322 dubio
976 2299 1019 2322 ea
1045 2287 1089 2322 de
1116 2299 1226 2323 causa
1251 2289 1339 2323 fecit
1364 2293 1404 2324 ut
1430 2289 1518 2324 deus
1545 2301 1590 2325 ex
1609 2290 1776 2326 machina

281 2345 411 2380 deinde
436 2346 620 2381 meliorem
646 2346 856 2381 facultatem
883 2345 1103 2390 procedendi
1127 2347 1288 2381 haberet.

396 2405 433 2450 3)
460 2404 671 2449 Euripidem
697 2405 735 2439 in
759 2405 828 2439 hoc
845 2405 985 2439 cantico
1005 2405 1250 2449 componendo
1274 2405 1321 2440 ad
1338 2416 1451 2450 genus
1469 2416 1622 2450 poeseos
1638 2406 1774 2452 lyricae

281 2463 355 2498 suis
390 2463 613 2508 temporibus
648 2463 783 2508 vigens,
824 2461 940 2508 νόμον
975 2462 1234 2506 κιθαρωδικόν
1261 2463 1351 2508 dico,
1391 2465 1597 2508 respexisse
1631 2465 1703 2500 iarn
1729 2475 1775 2500 ex

281 2522 406 2557 metris
432 2522 560 2557 solutis
587 2522 845 2567 cognoscimus.
895 2522 1009 2556 Poeta
1043 2528 1083 2556 ut
1119 2523 1211 2557 hanc
1245 2523 1362 2567 ipsam
1396 2527 1537 2567 partem
1562 2523 1773 2568 tragoediae

280 2580 317 2614 in
343 2580 545 2616 monodiam
573 2584 820 2624 commutaret,
848 2579 1025 2615 adductus
1053 2584 1108 2615 est
1135 2581 1231 2624 quod
1257 2582 1366 2616 etiam
1391 2582 1428 2616 in
1454 2582 1527 2616 illis
1554 2582 1772 2617 carminibus

282 2639 411 2681 quibus
450 2640 679 2674 narrationes
714 2639 838 2683 epicae
872 2649 939 2683 per
974 2649 1099 2680 versus
1124 2639 1256 2684 lyricos
1283 2641 1450 2683 prolatae
1475 2644 1578 2683 sunt,
1617 2641 1774 2677 maxima

281 2707 368 2740 pars
395 2699 616 2734 narrationis
640 2702 739 2742 erat;
766 2697 812 2733 cf.
839 2709 874 2742 p.
895 2699 950 2732 26.
979 2708 1070 2732 anm.
1092 2701 1122 2732 1.
1149 2697 1194 2732 cf.
1221 2710 1252 2732 v.
1274 2698 1356 2732 Wi12
1384 2698 1526 2734 Griech.
1553 2699 1772 2735 Lit.-Gesch.

280 2765 318 2798 p.
338 2757 464 2790 55—6.
501 2756 655 2792 Timoth.
681 2757 781 2792 Pers.
808 2768 844 2800 p.
859 2758 904 2791 80
918 2766 995 2799 sqq.
1025 2757 1162 2791 Chorus
1180 2757 1259 2792 Hel.
1279 2759 1467 2793 515--526
1492 2758 1669 2793 similibus
1695 2767 1772 2793 ver-

283 2812 382 2849 sibus
401 2813 529 2849 solutis
548 2815 746 2859 (glyconeis
767 2820 803 2850 et
820 2814 964 2858 iambis)
985 2819 1020 2849 et
1038 2816 1274 2859 responsione
1293 2816 1499 2851 carentibus
1517 2826 1593 2851 rem
1611 2821 1769 2851 enarrat.

281 2870 327 2906 cf.
353 2872 442 2916 Leo,
467 2872 585 2907 Plaut.
614 2874 714 2908 Cant.
743 2886 775 2918 p.
803 2875 847 2908 76
859 2883 936 2916 sqq.
