1950 3308
730 256 1018 296 -17-

117 369 403 425 comperimus
438 368 638 413 Orestem
685 370 936 412 damnatum
978 382 1073 413 cum
1107 368 1269 424 Pylade
1313 372 1357 412 et
1392 370 1539 412 amicis
1572 370 1627 413 ad

115 440 267 484 aedem
315 440 483 492 venire3
531 443 577 483 et
609 452 649 482 v.
676 443 785 482 1013
826 440 1076 483 adveniunt.
1145 439 1301 483 Bacch.
1339 442 1626 482 1144—1145

116 503 230 554 actio
260 509 491 564 insequens
523 513 825 564 praeparatur.

235 580 328 623 Hoc
371 580 497 623 modo
539 592 608 622 me
648 581 1012 622 demonstravisse
1053 584 1159 633 puto
1198 579 1451 634 Euripidem
1490 583 1629 623 totam

116 650 314 694 lacunam
357 661 469 704 quae
499 649 544 691 in
575 649 744 692 actione
785 650 983 703 personis
1015 649 1119 692 alibi
1162 650 1395 704 agentibus
1428 653 1525 692 orta
1556 651 1627 701 sit,

117 720 365 765 narratione
395 718 572 773 explere
603 720 782 762 studere
815 723 859 762 et
885 720 947 762 ita
970 720 1142 774 quidem
1165 725 1214 763 ut
1238 724 1337 775 post
1358 720 1473 763 Med.
1497 720 1628 775 Hipp.

83 836 87 837 ⁷
116 790 224 835 Hoc.
255 801 307 833 eo
350 790 614 844 processerit
656 793 705 832 ut
744 789 840 833 finis
876 791 1135 834 narrationis
1169 795 1213 833 et
1245 791 1414 834 initium
1448 791 1629 835 actionis

75 883 78 886 ⁴
109 871 213 905 sese
242 860 474 914 excipiant.

235 930 281 985 4)
314 930 510 984 Denique
551 930 690 973 nuntii
732 934 869 974 totam
911 931 1124 974 actionem
1165 936 1277 985 quae'
1309 932 1629 986 spectatoribus

117 1014 203 1045 non
233 1001 502 1044 intuentibus
545 1005 670 1053 gesta
702 1001 770 1052 sit,
813 1001 1030 1056 explicare
1063 1002 1278 1057 videntur,
1313 1004 1428 1056 quod
1460 1004 1503 1046 in
1534 1015 1630 1045 nar-

117 1072 308 1115 rationes
353 1071 527 1124 saepius
570 1083 640 1114 res
685 1071 852 1125 aliquas
897 1073 1095 1115 inserunt
1138 1085 1250 1126 quae
1283 1073 1338 1115 ad
1369 1086 1460 1116 rem
1493 1074 1632 1128 ipsam

117 1143 418 1198 explicandam
451 1144 626 1187 minoris
659 1145 877 1195 momenti,
911 1143 991 1186 hac
1013 1143 1056 1185 in
1079 1156 1127 1186 re
1149 1145 1341 1197 gerenda
1367 1144 1631 1187 acciderunt.

117 1212 210 1257 Has
241 1213 355 1256 enim
378 1226 449 1274 res
471 1215 612 1257 minus
643 1214 909 1258 necessarias
932 1218 1240 1267 cognoscentes
1263 1217 1468 1268 putamus
1490 1214 1634 1257 omnia

119 1284 396 1338 comperisse.
459 1284 588 1328 Tales
637 1285 859 1339 digressus
891 1296 990 1327 raro
1032 1284 1076 1326 in
1113 1284 1437 1327 narrationibus
1468 1284 1634 1327 inveni-

117 1357 266 1406 untur,
318 1355 504 1408 primum
546 1355 591 1398 in
622 1355 726 1398 Ione
763 1357 1050 1398 1141—1162
1094 1355 1166 1397 ubi
1210 1356 1388 1398 nuntius
1432 1355 1634 1398 taberna-

70 1462 80 1475 ,
120 1424 266 1468 culum
304 1429 508 1469 accurate
550 1426 769 1469 describit.
832 1425 961 1468 Aliud
993 1429 1194 1480 apertum
1228 1427 1474 1480 exemplum
1506 1438 1633 1480 prae-

40 1540 42 1542 ,
117 1494 221 1538 bent
253 1494 350 1538 Hel.
384 1507 536 1539 versus
588 1499 889 1548 1554-1568,
937 1495 980 1538 in
1028 1495 1183 1549 quibus
1230 1497 1407 1539 nuntius
1457 1495 1635 1550 exponit

117 1568 292 1608 taurum
336 1565 410 1608 diu
454 1567 779 1620 repugnavisse.
844 1566 936 1609 Hoc
982 1566 1036 1608 ad
1083 1566 1295 1609 actionem
1335 1579 1463 1620 quam
1497 1566 1634 1621 expli-

120 1635 308 1678 candam·
332 1636 509 1679 nuntius
541 1637 623 1679 sibi
654 1637 895 1691 proposuit,
930 1649 1015 1680 non
1046 1637 1230 1679 multum
1264 1638 1436 1680 attinet.
1467 1662 1520 1669 —
1553 1637 1636 1679 Hic

120 1706 252 1748 etiam
285 1706 445 1750 multos
467 1719 521 1750 ex
543 1708 605 1750 eis
628 1719 734 1761 quos
767 1719 899 1761 supra
931 1707 1181 1750 enumeravi
1204 1708 1320 1750 locos
1342 1707 1498 1750 afferre
1519 1707 1633 1759 licet,

120 1776 276 1831 quibus
315 1777 493 1821 nuntius
537 1790 607 1820 res
639 1779 694 1820 ad
726 1779 998 1832 propositum
1030 1778 1337 1821 illustrandum
1369 1791 1455 1821 non
1485 1790 1634 1821 neces-

119 1846 257 1898 sarias
300 1851 402 1890 ante
448 1847 594 1891 oculos
637 1849 760 1902 ponit
804 1848 924 1891 velut
969 1849 1011 1890 in
1043 1848 1107 1890 El.
1142 1852 1373 1891 776—796
1419 1849 1634 1902 quomodo

118 1916 354 1974 Aegisthus
387 1917 589 1961 Orestem
621 1918 873 1961 invitaverit
905 1922 982 1961 aut
1012 1918 1125 1961 Med.
1154 1921 1444 1961 1144—1155
1477 1919 1634 1972 quibus

118 1986 315 2030 versibus
346 1988 524 2031 nuntius
557 2001 755 2031 scaenam
788 1989 903 2031 inter
929 1988 1126 2031 Iasonem
1161 1993 1205 2031 et
1242 1989 1441 2031 Medeam
1474 1988 1634 2031 factam

117 2057 441 2101 accuratissime
474 2059 681 2102 describit
713 2063 790 2102 aut
821 2059 865 2100 in
896 2059 926 2100 I.
949 2059 995 2100 T.
1030 2062 1262 2101 264—280
1301 2059 1401 2112 quid
1434 2062 1633 2112 pastores

119 2129 173 2170 de
196 2127 374 2172 Graecis
405 2130 544 2182 primo
579 2129 734 2171 obtutu
766 2129 1051 2171 iudicaverint
1073 2132 1150 2171 aut
1174 2128 1304 2182 Hipp.
1333 2131 1634 2171 1178—1192.

119 2195 210 2240 Cur
253 2199 431 2240 nuntius
473 2198 580 2241 talia
625 2199 863 2241 describit?
924 2199 1024 2241 Mea
1056 2199 1229 2252 quidem
1270 2199 1487 2242 sententia
1519 2200 1634 2253 quod

119 2271 398 2322 spectatores.
445 2281 539 2311 cum
585 2269 755 2322 singula
797 2273 899 2312 ante
944 2270 1089 2312 oculos
1126 2273 1349 2323 ponuntur
1397 2282 1444 2313 se
1492 2270 1633 2313 omnia

118 2338 371 2391 cognovisse
403 2338 486 2381 sibi
517 2337 699 2393 fingunt.

234 2406 279 2451 Si
322 2411 454 2462 poeta
499 2409 711 2452 actionem
757 2409 945 2463 aliquam
977 2422 1056 2463 per
1088 2410 1382 2452 narrationem
1414 2409 1632 2464 explicare

118 2477 268 2529 voluit,
300 2478 345 2521 id
377 2483 478 2521 ante
512 2479 653 2523 omnia
685 2480 862 2523 studere
894 2480 1045 2522 debuit
1079 2483 1127 2522 ut
1159 2492 1228 2523 res
1262 2484 1363 2523 ante
1386 2480 1530 2523 oculos
1554 2492 1631 2534 po-

118 2551 244 2590 neret
287 2552 331 2591 et
375 2550 499 2603 quasi
542 2549 774 2604 imaginem
818 2550 958 2592 verbis
1006 2550 1277 2603 depingeret.
1351 2550 1501 2592 Artem
1547 2562 1632 2602 qua

82 2617 349 2672 ·Euripides
381 2619 461 2662 hoc
493 2619 607 2673 fecit,
641 2620 917 2674 explicemus.
981 2620 1073 2662 Hac
1105 2620 1148 2662 in
1180 2621 1434 2673 quaestione
1457 2620 1631 2673 saepius

117 2687 274 2729 librum
299 2687 515 2741 Heinzii¹)
548 2693 593 2731 et
625 2690 973 2733 dissertationem
1008 2703 1136 2743 quam
1168 2689 1372 2743 Peters²)
1405 2702 1544 2744 nuper
1577 2690 1630 2733 de

242 2793 276 2837 1)
303 2792 454 2828 Heinze.
506 2793 644 2838 Virgils
671 2794 819 2838 epische
845 2794 1020 2830 Technik.

238 2853 277 2898 2)
302 2851 443 2888 Peters.
515 2852 686 2899 Symbola
727 2852 774 2889 ad
816 2853 936 2889 Ovidii
977 2858 1093 2889 artem
1136 2853 1276 2898 epicam
1326 2853 1628 2898 cognoscendam.

116 2910 214 2947 Diss.
241 2911 342 2948 Gott.
374 2915 474 2949 1908.
1292 2966 1315 3005 2
