1950 3308
894 265 1152 304 —2—

284 392 388 423 cena
418 383 629 423 versatur.
691 379 766 420 Ion
799 378 942 420 dolum
973 376 1086 419 senis
1118 376 1348 429 cognoscit,
1391 378 1525 421 currit
1556 379 1608 421 ad
1640 379 1774 433 magi-

284 452 464 500 stratus,
518 447 681 490 Creusa
712 447 938 488 damnatur
983 445 1088 488 item
1130 445 1173 487 in
1219 446 1538 489 Andromacha:
1589 461 1628 491 v.
1665 451 1774 491 1005

286 518 462 561 Orestes
511 516 701 570 Delphos
761 515 851 557 abit
909 518 953 557 et
1003 514 1088 557 iam
1139 528 1175 557 v.
1219 518 1329 557 1070
1380 516 1554 558 nuntius
1597 516 1776 571 Delphis

284 587 482 629 Phthiam
524 585 637 627 redit
668 584 740 638 qui
772 585 825 627 de
856 584 984 627 rebus
1016 585 1068 626 ab
1100 583 1254 627 Oreste
1286 585 1372 627 illic
1403 586 1536 639 gestis
1567 589 1716 630 narret
1728 585 1776 643 1).

286 658 517 699 Praeterea
548 657 704 707 poetae
735 657 782 696 ut
813 667 943 696 unum
975 653 1113 696 locum
1145 654 1323 697 actionis
1364 654 1594 706 haberent,
1641 655 1778 699 multa

285 737 362 778 per
409 723 678 766 narrationes
724 723 939 777 explicare
990 723 1268 776 cogebantur.
1350 723 1613 778 Quamquam
1664 725 1778 768 enim

285 793 482 847 Aeschyli
522 793 781 835 Eumenides
825 796 868 835 et
913 791 1135 846 Sophoclis
1166 793 1287 844 Aiax,
1335 794 1489 846 quibus
1535 794 1579 836 in
1621 793 1778 837 fabulis

284 863 435 905 mediis
466 862 583 905 locus
615 863 793 905 actionis
825 864 1124 912 commutatur,
1170 863 1449 915 comprobant
1491 876 1575 905 una
1617 864 1662 906 in
1691 867 1778 907 tra-

286 932 439 986 goedia
458 932 669 974 actionem
691 931 856 973 duobus
878 930 981 973 locis
1008 930 1099 983 geri
1130 942 1271 984 posse,
1304 934 1450 974 tamen
1478 931 1522 973 in
1543 933 1780 986 tragoediis

284 1001 607 1050 recentioribus,
641 999 849 1054 imprimis
871 999 1092 1053 Euripidis
1122 1000 1166 1042 in
1188 998 1356 1051 fabulis,
1391 1001 1587 1054 exempla
1610 1000 1779 1054 desunt.

285 1071 445 1113 Poetae
478 1069 728 1123 posterioris
759 1069 916 1111 aetatis
959 1068 1039 1111 hoc
1070 1069 1272 1111 vitavisse
1305 1069 1522 1112 videntur.
1584 1070 1779 1125 Denique

288 1140 401 1194 quod
432 1139 584 1182 chorus
616 1151 786 1193 semper
799 1137 832 1193 2)
878 1141 979 1181 ante
1013 1150 1210 1181 scaenam
1242 1139 1463 1190 manebat,
1507 1142 1663 1193 poetae
1692 1143 1782 1183 tra-

288 1209 371 1263 gici
403 1208 438 1251 si
471 1209 591 1259 clam,
638 1207 787 1261 procul
829 1208 882 1250 ab
916 1208 1028 1250 omni
1059 1208 1236 1258 arbitro,
1286 1208 1357 1262 agi
1397 1209 1624 1252 voluerunt
1662 1209 1782 1253 velut

287 1277 518 1331 Sophocles
560 1281 741 1320 mortem
783 1277 978 1320 Iocastae
1019 1281 1063 1319 et
1095 1278 1347 1329 Deianirae,
1394 1278 1474 1321 hoc
1515 1277 1659 1322 facere
1697 1291 1814 1332 non⁴

286 1349 524 1401 potuerunt
565 1346 646 1389 nisi
688 1347 899 1389 actionem
942 1347 1080 1400 ipsam
1125 1350 1224 1401 post
1265 1359 1464 1390 scaenam
1495 1346 1783 1392 transferrent

289 1420 333 1459 et
365 1416 519 1459 deinde
550 1428 628 1469 per
657 1416 945 1458 narrationem
978 1416 1255 1470 explicarent.
1309 1416 1388 1459 His
1411 1417 1606 1460 omnibus
1637 1429 1782 1460 narra-

288 1486 476 1529 tionibus
508 1486 716 1528 accedunt
756 1498 833 1528 eae
874 1498 983 1539 quae
1013 1486 1256 1539 exponendi
1297 1498 1424 1529 causa
1454 1487 1591 1529 locum
1621 1486 1665 1528 in
1694 1489 1783 1530 tra-

289 1555 451 1610 goediis
484 1558 814 1609 occupaverunt.

405 1637 501 1679 Non
545 1636 669 1679 multi
709 1636 790 1678 viri
830 1636 944 1679 docti
987 1636 1031 1679 in
1061 1637 1379 1680 narrationibus
1410 1636 1586 1690 tragicis
1631 1649 1785 1691 cogno-

290 1706 456 1749 scendis
487 1718 663 1759 operam
693 1709 946 1759 posuerunt.
1007 1705 1073 1748 Ex
1103 1705 1258 1759 quibus
1289 1709 1533 1759 postremus
1563 1705 1785 1762 Rassow³)

289 1776 409 1829 leges
441 1776 594 1829 quibus
617 1775 844 1829 Euripides
876 1775 1048 1818 nuntios
1070 1776 1283 1826 astrinxit,
1316 1775 1522 1819 definivit.
1576 1776 1640 1818 De
1661 1775 1785 1818 Euri-
1832 1800 1835 1803 -

290 1845 516 1899 pideorum
563 1845 840 1898 prologorum
885 1848 980 1887 arte
1020 1844 1313 1898 Klinkenberg
1331 1844 1366 1899 4)
1413 1848 1457 1887 et
1502 1858 1540 1886 v.
1583 1845 1734 1887 Arnim
1753 1843 1785 1899 ⁵)

291 1914 607 1957 accuratissime
668 1914 998 1967 disputaverunt
1019 1912 1065 1967 ⁶).
1127 1913 1338 1956 Naturam
1399 1914 1587 1956 omnium
1638 1926 1784 1956 narra-

415 2042 449 2086 1)
476 2045 617 2086 tempus
643 2040 691 2076 ad
713 2051 772 2076 res
799 2040 977 2086 gerendas
1000 2041 1246 2077 necessarium
1271 2041 1316 2076 ab
1334 2040 1512 2086 Euripide
1536 2051 1679 2086 semper
1704 2051 1787 2076 can-

293 2101 366 2137 tico
400 2100 502 2136 chori
527 2100 653 2136 nuntio
679 2100 878 2144 praemisso
905 2100 1088 2145 expletur3
1132 2100 1274 2135 cantica
1300 2103 1385 2135 ante
1411 2100 1639 2136 narrationes
1665 2110 1788 2135 rerum

295 2170 386 2206 quas
424 2159 470 2194 ad
501 2158 685 2211 'gerendas
722 2159 863 2204 longius
902 2163 1044 2204 tempus
1079 2159 1326 2194 necessarium
1363 2162 1419 2194 est
1455 2161 1643 2204 ponuntur
1676 2158 1788 2203 Hipp.

297 2220 386 2254 1131
402 2229 480 2263 sqq.
506 2219 649 2254 Heracl.
676 2220 744 2254 748
756 2229 834 2263 sqq.
870 2219 995 2263 Suppl.
1023 2220 1091 2254 597
1106 2230 1184 2262 sqq.
1211 2219 1237 2253 I.
1264 2218 1304 2253 T.
1334 2221 1400 2253 122
1415 2228 1492 2262 sqq.
1522 2219 1613 2253 1234
1626 2228 1705 2262 sqq.
1729 2217 1793 2267 El.

296 2280 365 2314 678
378 2288 455 2322 sqq.
481 2278 562 2313 Hel.
591 2280 679 2313 1451
695 2288 773 2322 sqq.
800 2277 862 2312 Or,
886 2279 954 2312 807
967 2288 1045 2321 sqq.
1073 2278 1206 2312 Phoen.
1237 2279 1327 2312 1018
1342 2287 1420 2320 sqq.
1470 2277 1548 2311 Hoc
1572 2277 1685 2320 igitur
1708 2277 1788 2312 loco

296 2337 328 2372 si
353 2336 496 2381 quando
524 2338 654 2372 chorus
681 2335 808 2380 deerit,
835 2335 916 2371 finis
943 2339 1045 2370 actus
1072 2335 1330 2380 postulabitur.

415 2397 453 2441 2)
481 2396 711 2441 excipiuntur
737 2395 845 2439 Soph.
872 2395 949 2440 Ai.;
976 2394 1064 2430 Eur.
1090 2394 1180 2438 Alc.,
1208 2394 1287 2429 Hel.
1315 2398 1351 2429 et
1375 2393 1539 2437 Rhesus;
1573 2392 1618 2428 cf.
1645 2405 1677 2428 v.
1703 2393 1789 2428 Wil.

299 2455 442 2491 Griech.
469 2455 577 2499 Trag.
604 2450 668 2499 ΙΙΙ,
694 2455 739 2489 95
766 2465 848 2489 ann.
875 2456 906 2490 3.

418 2514 455 2560 3)
480 2514 648 2558 Rassow,
674 2514 730 2549 De
754 2513 963 2549 nuntiorum
988 2511 1271 2556 Euripideorum
1296 2511 1566 2547 narrationibus
1593 2511 1787 2557 Gryphiae.

302 2575 403 2610 1883.

420 2634 458 2678 4)
483 2631 740 2677 Klinkenberg‚
776 2631 831 2666 De
855 2629 1139 2675 Euripideorum
1165 2630 1401 2678 prologorum
1427 2632 1507 2664 arte
1532 2632 1569 2665 et
1593 2629 1790 2674 interpola-

299 2693 469 2728 tionibus.
519 2691 668 2727 Bonnae
694 2692 795 2727 1881.
1078 2699 1080 2701 ·

419 2752 456 2796 5)
482 2763 513 2785 v.
548 2750 696 2794 Arnim,
731 2750 787 2785 De
811 2749 939 2794 Eurip.
978 2749 1069 2793 prol.
1106 2751 1186 2783 arte
1223 2751 1260 2783 et
1294 2747 1650 2792 interpolationibus.
1702 2747 1791 2791 Gry-

298 2810 408 2856 phiae
435 2810 532 2846 Diss.
561 2811 662 2845 1882.

420 2870 455 2915 6)
482 2870 679 2906 Praeterea
711 2868 825 2904 libros
863 2877 1014 2912 quorum
1046 2867 1141 2903 ratio
1168 2865 1215 2902 ad
1252 2865 1465 2911 opusculum
1490 2874 1607 2900 meum
1634 2862 1792 2908 quadrat
