1936 3276
724 261 1011 302 „51-

8 435 42 440 ,
151 369 317 431 “stPer
349 387 499 420 omnes
531 375 802 419 narrationes
835 388 941 429 quas
973 377 1098 419 modo
1131 377 1316 419 tractavi
1348 389 1416 420 res
1450 377 1619 431 aliquae

13 439 402 504 'tyemonuntun
463 445 748 489 Narrationes
801 447 956 499 quibus
1006 447 1118 489 actio
1164 451 1456 500 promovetur,
1510 448 1620 490 duae

88 518 159 578 *jn
185 517 270 562 hoc
301 517 451 561 ordine
482 519 790 570 exstant-quae
814 521 998 570 utraque
1021 529 1144 559 suum
1169 529 1303 570 genus
1325 530 1431 571 prae
1452 529 1499 560 se
1521 517 1620 560 fert.

63 584 165 633 :In
194 587 262 644 El.
286 590 517 631 418—-427
551 586 877 641 Chrysothemis
918 591 1068 629 narrat
1100 587 1226 640 quale
1258 588 1467 630 somnium
1500 587 1621 630 audi-

114 659 228 705 verit
246 650 612 714 Clytaemestram
641 656 981 710 pei-turbavisse.
1038 656 1360 711 Chrysothemis
1392 662 1622 712 postquam

113 733 247 775 antea
269 740 365 773 oum
387 728 610 782 Antigona
641 727 695 770 de
727 728 892 770 somnio
915 727 1166 781 disputavit,
1200 727 1308 770 hanc
1330 729 1622 771 narrationem

115 813 159 847 vt·
174 803 262 849 418
282 799 433 844 statim
454 811 480 842 a
502 811 550 841 re
572 799 668 852 ipsa
690 798 866 852 incipit;
899 810 966 839 vv.
991 800 1222 840 426—430
1249 798 1466 851 epilogum
1489 798 1621 841 addit.

87 870 165 915 ln
196 868 379 915 Oed.R.
410 872 642 912 711—722
685 868 853 910 Iocasta
897 871 946 910 ut
989 867 1248 910 sententiam
1295 871 1434 910 artem
1476 871 1623 910 vatum

114 940 223 985 nihil
253 952 350 984 esse
380 939 549 994 probet,
585 938 796 992 Apollinis
828 937 1079 981 vaticinium
1112 938 1226 991 quod
1254 937 1307 979 de
1329 936 1415 980 filio
1439 937 1529 979 Laii
1552 939 1624 980 de·

117 1011 233 1061 derit
262 1022 350 1055 non
381 1022 530 1054 verum
563 1010 786 1052 inventum
813 1020 908 1052 esse
930 1012 1092 1050 narrat.
1138 1007 1283 1050 Etiam
1305 1007 1411 1050 haec
1433 1008 1624 1050 narratio

115 1085 166 1126 ut
196 1094 250 1126 ea
280 1094 410 1137 quam
440 1081 567 1124 modo
599 1080 834 1135 perstrinxi
866 1079 1008 1121 brevis
1031 1083 1098 1122 est
1128 1082 1172 1121 et
1194 1078 1236 1121 id
1259 1078 1397 1121 solum
1421 1078 1623 1129 continet,

114 1153 231 1208 quod
262 1153 318 1196 ad
349 1164 441 1196 rem
472 1151 795 1206 pro-ducendam
827 1150 1029 1192 idoneum
1061 1152 1141 1191 est.
1322 1137 1330 1142 ’

858 1282 896 1321 5.

233 1364 391 1407 Restat
421 1367 470 1406 ut
501 1363 555 1406 de
586 1362 906 1406 narrationibus
938 1374 1048 1415 quae
1079 1361 1123 1404 in
1155 1360 1391 1414 tragoediis
1424 1359 1624 1413 Aeschyli

117 1434 328 1489 leguntur
370 1434 602 1488 disputem.
664 1433 750 1476 Sed
791 1432 991 1486 quoniam
1037 1431 1164 1474 huius
1205 1434 1362 1485 poetae
1394 1430 1437 1472 in
1470 1429 1626 1476 fabulis

77 1555 79 1558 v
115 1514 282 1560 paucae
325 1507 498 1547 tantum
541 1507 715 1547 exstant
758 1507 802 1546 et
844 1502 983 1545 forma
1027 1514 1174 1545 earum
1218 1504 1423 1544 nontam
1458 1501 1628 1544 exculta

117 1585 466 1631 neqnesemper
497 1574 649 1616 eadem
683 1577 763 1626 est,
807 1571 1000 1626 singulas
1031 1572 1162 1614 etiam
1194 1571 1262 1613 hic
1293 1574 1388 1614 arte
1425 1570 1629 1613 narrandi

111 1642 360 1701 -Euripidea
391 1644 515 1699 quasi
547 1643 828 1686 fundamento
862 1643 929 1685 usi
960 1643 1313 1696 interpretemur.

234 1714 625 1775 In'vetustissima
669 1713 895 1768 tragoedia
940 1726 1051 1767 quae
1098 1713 1219 1755 nobis
1256 1714 1430 1754 servata
1462 1715 1541 1761 est,
1585 1710 1628 1752 in

125 1781 331 1842 Aeschyli
361 1784 651 1840 Supplicibus,
685 1784 862 1827 Danaus
894 1797 932 1826 v.
958 1786 1042 1826 600
1074 1782 1172 1825 filiis
1204 1782 1388 1835 nuntiat,
1422 1781 1629 1834 populum

55 1861 58 1863 ’
120 1856 328 1912 Argivum
373 1868 422 1900 se
463 1857 507 1899 in
551 1855 703 1898 urbem
750 1855 948 1908 accipere
997 1853 1121 1896 velle.
1182 1852 1275 1894 Hoc
1326 1854 1630 1905 argumentum

118 1926 262 1971 nuntii
302 1927 454 1982 primis
498 1926 642 1969 verbis
674 1925 866 1968 breviter
899 1922 1225 1977 comprehendit
1258 1934 1325 1964 vv.
1359 1924 1484 1969 600,st
1519 1924 1631 1973 θαρ-

119 2002 238 2040 σεῖτε
279 1997 458 2048 παῖδες·
490 1993 541 2040 εὖ
581 1998 634 2039 τὰ
674 2004 764 2039 τῶν
805 1994 1043 2050 ἐγχωρίων,
1075 1994 1130 2048 δή
1161 2008 1250 2047 μου
1290 1990 1494 2033 δέδοκται
1524 2004 1631 2032 παν-

0 2074 3 2075 ’
59 2081 62 2084 ·
119 2069 224 2128 τελῇ
253 2068 519 2123 ψηφίσματα
557 2068 711 2110 chorus
744 2078 833 2108 rem
868 2064 1114 2106 accuratius
1147 2062 1256 2105 scire
1289 2060 1393 2103 vult.
1457 2061 1631 2103 Danaus

0 2858 13 2992 swa-su
0 2830 3 2846 2-
0 2747 10 2814 -v-»w
2 2697 7 2700 .
0 2590 9 2640 σν(
0 2539 6 2576 var
2 2515 12 2520 ,
0 2500 3 2502 -

121 2149 191 2179 vv.
215 2138 346 2181 605l6
377 2137 614 2190 respondet
645 2147 792 2178 omnes
816 2134 999 2187 Argivos
1021 2133 1133 2175 idem
1161 2131 1348 2175 voluisse
1370 2134 1414 2174 et
1435 2131 1631 2174 versibus

120 2205 450 2260 insequentibus
472 2218 607 2260 usque
630 2205 686 2248 ad
709 2208 794 2247 614
826 2203 1013 2258 explicat
1041 2214 1114 2246 eos
1147 2202 1425 2244 alacriter
1457 2201 1631 2244 consilio

122 2276 406 2320 consensisse.
482 2275 532 2319 In
576 2288 704 2319 cursu
751 2274 1012 2318 narrationis
1066 2273 1196 2316 etiam
1249 2271 1471 2315 consilium
1519 2271 1633 2325 quod

122 2346 276 2402 Argivi
321 2350 410 2390 tam
455 2347 574 2390 laeto
633 2346 774 2389 animo
826 2343 1129 2400 probaverint,
1183 2345 1544 2385 commemoratur
1590 2344 1634 2383 et

97 2430 102 2436 ·
123 2429 193 2461 vv.
217 2420 450 2462 609-614
479 2417 727 2460 accuratius
748 2416 1014 2470 explicatur;
1050 2417 1282 2456 615—620
1304 2425 1450 2467 regem
1474 2412 1633 2466 populo

123 2487 395 2543 persuasisse
416 2488 594 2531 Danaus
621 2490 797 2530 enarrat
819 2489 864 2529 et
885 2498 952 2528 vv.
978 2486 1105 2527 6212'2
1127 2482 1184 2526 ad
1205 2495 1304 2525 eum
1325 2483 1464 2525 locum
1488 2494 1632 2523 narra-

123 2557 255 2602 tionis
285 2558 400 2602 redit
427 2570 452 2601 a
474 2571 558 2612 quo
590 2557 759 2601 initium
792 2556 930 2611 cepit3
966 2555 1095 2597 623'4
1129 2553 1251 2595 addit
1285 2552 1515 2605 epilogum,
1549 2561 1632 2602 quo

121 2628 227 2683 quid
260 2629 314 2671 de
341 2641 388 2671 re
421 2632 625 2670 enarrata
657 2628 818 2670 sentiat
840 2625 1043 2679 exprimit
1065 2648 1120 2652 —
1144 2623 1347 2665 Videmus
1370 2621 1413 2663 in
1435 2620 1513 2662 hac
1536 2632 1633 2662 nar-

124 2697 294 2740 ratione
334 2708 404 2739 res
445 2708 531 2738 non
571 2707 651 2749 per
681 2696 877 2737 ordinem
907 2693 1114 2748 temporis
1146 2690 1344 2745 proferri,
1383 2690 1460 2732 sed
1492 2689 1633 2732 omnia

123 2778 238 2821 quae
258 2766 437 2810 Danaus
467 2778 648 2809 narrare
671 2765 764 2808 vult
796 2767 1108 2807 connectuntur
1131 2774 1181 2805 eo
1203 2761 1353 2804 ordine
1376 2772 1460 2815 quo
1482 2759 1633 2802 Danao

52 2844 53 2847 ’
124 2835 171 2880 in
199 2840 391 2881 mentem
435 2839 670 2889 venerunt3
716 2834 768 2878 cf.
801 2846 948 2888 regem
992 2834 1045 2875 ab
1078 2844 1128 2875 eo
1166 2831 1358 2885 incipere
1390 2829 1503 2884 quod
1536 2842 1632 2871 eum

47 2933 51 2935 -
126 2907 311 2951 maxime
358 2907 492 2951 movit
543 2920 581 2950 v.
617 2910 698 2949 607
742 2904 1037 2959 πανδημίᾳ
1078 2902 1160 2957 γὰρ
1192 2898 1313 2957 χερσὶ
1347 2899 1634 2954 δεξιωνύμοις
