1950 3308
51 342 109 359 ,⁴.,.-'·--

746 275 1039 315 ...57-

154 371 306 441 infiat
354 390 422 435 his
472 390 577 434 locis
629 390 948 433 narrationum:
1003 389 1102 431 Ant.
1141 388 1288 439 424s5.
1351 385 1502 428 Trach.
1539 389 1637 428 768.

158 438 218 450 θ’,

86 567 148 593 st„
247 532 446 586 Denique
477 534 527 574 ut
557 531 601 573 id
632 530 823 573 breviter
854 529 1168 583 perstringam:
1211 540 1308 571 cum
1339 526 1480 570 nuntii
1512 526 1638 568 Euri-

74 593 248 658 ³-2p1de1
279 612 452 658 semper
481 602 660 644 ineunte
691 611 803 642 novo
835 599 1029 654 episodio
1063 610 1118 641 sc.
1143 603 1242 652 post
1273 597 1488 641 canticum
1519 596 1639 639 chori

129 673 370 730 procedant
411 670 646 726 (excipitur
690 670 810 724 prior
840 669 1018 712 nuntius
1051 666 1348 723 Baccharum),
1391 666 1531 710 nuntii
1562 666 1638 710 So-

127 741 300 799 phoclei
329 741 550 786 interdum
579 739 676 783 aliis
709 739 905 794 personis
937 739 1051 781 inter
1083 750 1130 781 se
1161 739 1203 780 in
1239 750 1394 781 scaena
1425 737 1637 791 loquenti-

41 823 50 828 ·’
106 809 218 861 hut
250 811 493 867 procedunt
533 811 654 854 velut
685 809 840 864 Hyllus
881 809 925 851 in
957 808 1109 851 Trach.
1146 811 1243 861 734,
1282 808 1562 862 paedagogus
1595 808 1638 850 in

19 883 32 905 ³
57 868 196 946 &El-
229 885 328 934 660,
361 884 510 926 custos
542 881 586 924 in
617 881 717 923 Ant.
753 878 900 932 2232).

22 949 29 961 ⁸
63 962 66 963 ’
245 952 297 996 In
347 953 592 995 universum
639 951 919 994 statuendum
967 952 1034 992 est
1081 949 1160 991 hoc
1205 949 1320 991 inter
1368 949 1639 991 narrationes

128 1022 392 1079 Sophocleas
422 1025 468 1066 et
487 1015 747 1075 Euripideas
779 1020 1075 1063 intercedere:
1108 1018 1323 1062 elementa
1355 1018 1519 1061 formae
1551 1018 1639 1060 Eu-

39 1101 44 1122 -’
70 1135 74 1137 ,
129 1093 326 1150 ripideae
357 1093 492 1136 etiam
514 1092 631 1147 apud
654 1091 911 1145 Sophoclem
932 1090 1198 1143 invenimus;
1231 1093 1376 1132 exstat
1398 1089 1639 1132 diverbium

30 1187 42 1206 κ
56 1154 70 1225 s
128 1163 370 1209 narrationi
399 1163 686 1218 praemissum
719 1165 764 1204 et
796 1161 993 1215 epilogus
1015 1160 1058 1202 in
1081 1159 1166 1202 fine
1188 1160 1449 1202 narrationis
1471 1159 1640 1213 positus

22 1251 25 1258 ⁴
99 1229 176 1279 'et
205 1235 384 1278 nuntius
425 1234 665 1288 plerunque
707 1245 794 1275 una
834 1231 1028 1285 longiore
1069 1230 1318 1273 narratione
1350 1242 1420 1273 res
1453 1230 1640 1284 explicat

130 1303 200 1360 (O.
223 1305 275 1348 R.
312 1307 598 1350 12-37-71276
639 1302 888 1357 excipitur).
935 1302 1098 1344 Tamen
1141 1304 1210 1343 est
1241 1299 1507 1342 differentia:
1550 1312 1639 1341 om·

127 1376 249 1420 nium
280 1376 579 1419 narrationum
616 1374 785 1417 initium
818 1373 958 1416 nuntii
990 1385 1015 1414 a
1047 1372 1168 1414 brevi
1199 1371 1420 1425 prooemio
1451 1369 1636 1421 faciunt;

14 1434 17 1435 ⁷
75 1453 78 1457 ’
109 1444 288 1491 ,deinde
327 1447 440 1499 quod
483 1457 712 1499 personam
759 1444 899 1486 nuntii
931 1443 1113 1485 attinet:
1155 1441 1388 1495 Sophocles
1421 1437 1535 1495 ἦθος
1565 1452 1638 1482 ex-

112 1515 282 1573 primit
313 1519 358 1558 et
388 1514 591 1559 affectum
622 1514 871 1557 nuntiorum
894 1513 1060 1556 minuit.
1125 1512 1320 1565 Denique
1342 1523 1412 1554 ars
1434 1509 1638 1554 narrandi

131 1597 218 1633 non
246 1589 339 1629 tam
370 1585 544 1628 exculta
574 1589 642 1627 est
674 1597 803 1638 quam
827 1584 870 1626 in
895 1583 1114 1637 Euripidis
1136 1582 1455 1625 narrationibus
1483 1581 1638 1634 quibus

129 1655 276 1699 omnia
304 1655 629 1699 accuratissime
662 1655 977 1698 describuntur.

258 1787 293 1830 1)
320 1788 491 1832 apertum
519 1787 575 1820 est
602 1784 820 1830 Sophoclem
854 1784 893 1818 in
919 1784 988 1818 hac
1015 1781 1253 1818 similitudine
1278 1781 1464 1826 respicere
1490 1779 1538 1825 ad
1563 1791 1643 1816 eam

133 1844 231 1891 quae
254 1844 294 1880 in
320 1844 411 1880 Eur.
429 1843 528 1880 Med.
550 1846 642 1890 1200
667 1844 871 1879 invenitur:
900 1843 941 1878 In
967 1842 1100 1878 Medea
1124 1842 1229 1878 tabes
1257 1841 1422 1887 corporis
1448 1851 1529 1876 cum
1556 1851 1642 1876 suco

114 1905 192 1950 'qni
217 1904 264 1941 de
307 1905 430 1941 abiete
466 1904 550 1940 fluit
585 1908 832 1950 comparatur,
868 1904 906 1939 in
933 1903 1066 1938 Trach.
1094 1903 1206 1939 vestis
1242 1906 1284 1937 ut
1309 1912 1486 1937 venenum
1513 1901 1642 1945 anguis

54 1979 64 1987 ·
131 1964 267 2011 corpus
294 1964 460 2016 corripit.
487 1984 535 1990 —
561 1964 716 2000 Omnino
743 1964 943 2009 Sophocles
979 1963 1016 1998 in
1052 1963 1178 1998 morbo
1204 1962 1374 1998 Herculis
1402 1960 1642 1996 describendo

126 2023 230 2060 illam
261 2025 514 2060 narrationem
540 2023 779 2069 Euripideam
814 2023 971 2067 repetit:
1009 2023 1118 2058 etiam
1155 2021 1254 2067 apud
1281 2021 1496 2066 Sophoclem
1531 2020 1641 2055 vestis

126 2091 262 2130 corpus
270 2095 348 2121 non
362 2083 487 2120 statim
501 2083 627 2119 morbo
641 2083 769 2124 afficit,
788 2082 853 2118 sed
867 2082 1044 2118 Hercules
1060 2086 1255 2127 postquam
1272 2092 1349 2116 eam
1366 2080 1495 2122 induit,
1512 2084 1641 2124 postea

125 2143 238 2180 boves
263 2143 447 2188 immolat3
482 2141 613 2178 deinde
642 2142 858 2187 priusquam
884 2141 996 2177 vestis
1023 2151 1158 2186 corpus
1186 2140 1295 2176 edere
1320 2139 1451 2184 incipit
1476 2151 1507 2173 v.
1529 2141 1638 2176 76314

128 2201 352 2240 describitur
379 2202 540 2238 animum
566 2201 736 2237 Herculis
763 2200 859 2236 dono
890 2201 1084 2236 Deianirae
1110 2199 1332 2236 delectatum
1357 2209 1439 2235 esse
1466 2197 1514 2234 cf.
1542 2196 1639 2237 Med,

115 2255 274 2307 71163J6.
320 2262 380 2299 hic
413 2262 614 2308 Sophocles
641 2261 858 2307 Euripidem
891 2261 1016 2307 inepte
1052 2261 1230 2305 sequitur,
1266 2271 1347 2295 cum
1382 2270 1484 2295 amor
1517 2269 1640 2294 rerum

126 2323 292 2360 inanium
318 2333 399 2360 cum
425 2322 560 2358 ceteris
587 2322 750 2357 moribus
768 2321 939 2357 Herculis
966 2321 1060 2357 male
1087 2321 1300 2365 conveniat;
1327 2319 1486 2364 denique
1512 2331 1543 2355 v.
1571 2319 1640 2355 785

120 2381 242 2420 etiam
267 2382 398 2419 famuli
422 2381 594 2418 Herculis
633 2393 706 2417 non
733 2380 870 2416 audent
897 2380 1082 2416 dominum
1108 2385 1261 2425 tangere
1288 2379 1333 2414 cf.
1361 2379 1457 2415 Med.
1489 2380 1638 2422 1202s33

125 2441 179 2480 cf.
204 2443 234 2479 1.
266 2447 338 2479 van
362 2442 560 2479 Leeuwen.
627 2441 894 2477 Commentatio
921 2440 966 2476 de
992 2440 1115 2475 Aiacis
1142 2440 1336 2484 Sophoclei
1371 2439 1563 2474 authentia
1601 2442 1636 2472 ct

125 2501 354 2550 integritate.
393 2513 428 2548 p.
455 2504 513 2537 40.
1336 2510 1338 2512 ’
1364 2496 1367 2499 “

246 2562 287 2610 2)
310 2563 382 2599 hoc
409 2566 524 2598 totam
552 2561 686 2597 attinet
712 2566 829 2597 artem
856 2571 965 2605 quam
992 2558 1189 2603 Euripides
1216 2563 1252 2594 et
1279 2559 1477 2603 Sophocles
1505 2558 1541 2591 in
1569 2567 1639 2591 om-

127 2621 236 2659 nibus
261 2621 463 2667 tragoediis
490 2620 751 2666 componendis
779 2619 955 2656 adhibent
982 2623 1018 2654 et
1046 2618 1261 2662 quaestione
1287 2617 1435 2661 (lignum
1459 2614 1638 2660 quomodo

118 2678 299 2717 'accessus
335 2684 502 2715 actorum
537 2683 574 2714 et
601 2676 796 2714 ἐπεισόδια
823 2678 1037 2723 tragoediae
1063 2677 1295 2712 cohaereant.
1343 2676 1421 2720 Qua
1454 2675 1500 2711 de
1534 2685 1575 2710 re
1601 2674 1639 2709 in

126 2739 369 2776 annotatione
394 2738 579 2783 disputari
606 2748 715 2783 posse
741 2729 812 2773 non
840 2742 939 2782 puto.
