1950 3308
752 237 1046 276 -47-

18 390 27 410 ι,
62 371 102 409 ἱ-
131 346 379 399 >rationibus
421 360 648 396 commune
691 349 847 400 inesse,
892 351 968 393 sed
1013 354 1241 405 utramque
1284 363 1405 394 suam
1447 358 1649 398 naturam

17 412 23 471 ζ
139 415 303 465 habere
327 430 391 476 sc.
423 418 628 473 prologos
662 423 712 463 ut
737 420 960 463 ὑπόθεσιν
991 434 1119 475 quam
1151 421 1402 469 brevissime
1425 424 1650 477 explicent,

16 477 19 539 J
51 492 79 542 2⁴2,
103 487 408 535 narrationes
447 490 695 532 nuntiorum
739 494 790 533 ut
829 491 991 544 aliquid
1031 496 1134 534 ante
1172 493 1316 535 oculos
1347 497 1524 546 ponant.
1586 495 1651 537 Ad

14 547 19 594 Τ
47 571 58 578 ⁴
133 560 336 602 naturam
369 560 663 614 proIogorum,
694 572 839 603 rerum
873 561 1200 615 expositionem,
1234 566 1354 605 totus
1377 564 1529 607 modus
1551 577 1649 607 nar-

133 629 258 676 randi
289 629 476 684 quadrat
505 632 638 683 atque
675 631 789 683 quod
812 630 868 672 ad
899 631 1217 684 expositionem
1250 633 1480 687 explicatio
1503 635 1651 688 aptior

78 738 85 743 .
133 702 360 758 estvquam
391 699 600 750 narratio,
633 699 868 754 Euripides
901 714 995 744 eam
1020 702 1219 745 adhibuit
1245 707 1290 746 et
1313 708 1451 746 totum
1476 707 1648 748 modum

35 767 42 777 ⁶
71 767 89 829 J
113 765 422 821 'narrandiad
454 773 656 813 naturam
695 771 977 826 prologorum
1009 774 1374 825 accommodavit3
1417 775 1547 817 etiam
1580 776 1649 818 hic

126 844 235 889 'eum
261 851 420 883 novum
450 853 591 894 genus
622 854 676 884 ex
706 845 866 884 natura
884 843 945 885 rei
981 843 1062 885 sibi
1095 844 1312 887 invenisse
1343 850 1544 899 apertum
1567 850 1646 888 est.

248 910 342 953 Iam
373 910 677 958 Alexandrinis
719 914 943 967 πρόλογος
981 913 1274 967 Εὐριπίδειος
1314 916 1436 968 quasi
1478 917 1647 971 πρωτό-

127 994 274 1035 τυπον
319 981 535 1028 orationis>
581 982 750 1025 ieiunae
791 987 836 1025 et
886 983 1078 1026 insuavis
1123 983 1205 1026 suit
1248 984 1315 1035 (cf.
1350 985 1647 1040 Klinkenberg

0 1041 11 1107 ι’.
36 1056 68 1102 q
130 1049 295 1104 praefi).
373 1050 467 1094 Hoc
510 1051 717 1095 iudicium
763 1053 976 1106 imprimis
1024 1055 1079 1096 ad
1131 1054 1412 1108 genealogias
1462 1057 1646 1109 quadrat

75 1147 79 1156 ι
130 1121 383 1175 saepissime
449 1122 721 1176 vituperatas
781 1127 826 1165 et
889 1122 1133 1166 futurorum
1195 1125 1538 1179 praedictiones;
1592 1125 1644 1169 cf.

130 1189 271 1235 Schol.
293 1191 454 1235 Townl.
479 1191 605 1235 Hom.
632 1192 682 1236 O.
708 1196 763 1235 64
805 1192 974 1236 ἐοίκασι
1012 1194 1095 1248 γὰρ
1128 1194 1404 1253 Εὐριπιδείῳ
1435 1197 1644 1254 προλόγῳ

129 1266 288 1304 ταῦτα·
334 1260 579 1317 ἐναγώνιος
621 1262 669 1305 δὲ
714 1264 806 1306 ἔστι
851 1262 874 1306 ὁ
913 1264 1097 1318 ποιητὴς
1141 1262 1214 1306 καὶ
1246 1264 1324 1307 ἐάν
1355 1266 1440 1319 ἄρα
1472 1265 1645 1320 σπέρμα

128 1331 282 1387 τίθησι
295 1329 343 1387 ²).
404 1331 524 1375 Idem
558 1333 750 1376 indicant
784 1333 915 1376 schol.
940 1334 994 1376 ad
1019 1334 1176 1377 Troad.
1202 1337 1269 1385 36,
1303 1336 1394 1378 Alc.
1421 1340 1457 1378 1.
1491 1336 1596 1379 Hec.
1619 1338 1640 1378 1

115 1399 192 1456 (in
230 1402 375 1445 verbis
414 1403 665 1458 corruptis).
726 1416 819 1458 arg.
854 1403 994 1446 Andr.
1029 1429 1083 1435 -—
1117 1405 1173 1447 Et
1206 1405 1438 1459 Euripides
1470 1406 1514 1449 in
1545 1419 1643 1449 nar-

127 1471 370 1521 rationibus
407 1474 687 1528 prologorum
730 1487 815 1517 non
858 1474 1068 1528 imagines
1109 1487 1253 1518 rerum
1287 1479 1508 1529 gestarum
1540 1481 1642 1519 ante

129 1541 275 1584 oculos
316 1555 481 1597 ponere
523 1544 618 1586 vult
662 1544 760 1598 (hoc
804 1545 990 1587 maxime
1035 1558 1088 1588 ex
1131 1558 1182 1588 eo
1214 1545 1482 1598 intellegitur
1526 1547 1640 1600 quod

126 1611 296 1667 prologi
336 1613 511 1667 saepius
553 1614 683 1657 etiam
727 1619 1033 1669 argumentum
1077 1617 1330 1670 tragoediae
1371 1617 1639 1670 insequentis

127 1683 366 1738 continent)
407 1683 484 1727 sed
525 1684 718 1727 breviter
748 1698 980 1739 exponere.
1045 1685 1154 1728 Cum
1196 1686 1332 1740 igitur
1363 1687 1406 1728 in
1448 1688 1638 1742 prologis

125 1753 272 1807 potius
312 1758 673 1798 commemoretur
714 1768 842 1810 quam
885 1760 1101 1807 narretur,
1147 1757 1280 1799 verba
1323 1757 1487 1799 directa
1528 1770 1638 1811 quae

68 1871 71 1874 ‚
125 1823 324 1867 omnibus
354 1825 603 1868 nuntiorum
634 1826 957 1869 narrationibus
979 1827 1064 1869 vim
1087 1827 1409 1880 probabilitatis
1431 1826 1636 1878 inferunt,

46 1908 49 1911 ·
125 1894 170 1937 in
219 1895 540 1940 narrationibus
596 1896 876 1950 prologorum
938 1909 1036 1939 raro
1091 1897 1365 1940 adhibentur.
1446 1897 1637 1940 Primum

125 1965 372 2020 exemplum
404 1969 549 2010 exstat
587 1967 631 2010 in
662 1967 832 2010 Heracl.
868 1966 1014 2022 29l30,
1064 1967 1138 2010 ubi
1170 1967 1313 2010 Iolaus
1358 1968 1490 2010 verba
1528 1980 1637 2021 quae

119 2035 201 2086 *alii
245 2034 440 2080 homines
485 2037 655 2088 dicant,
699 2038 781 2080 sibi
824 2036 961 2091 fingit.
1042 2038 1209 2080 Deinde
1247 2038 1290 2079 in
1333 2037 1363 2079 I.
1400 2038 1447 2079 T.
1484 2041 1636 2088 17s24:

124 2106 354 2160 Iphigenia
392 2107 484 2151 fata
522 2120 601 2151 sua
632 2107 851 2161 explicans
891 2108 946 2149 ad
978 2111 1150 2161 tempus
1189 2108 1510 2160 transgreditur
1553 2120 1636 2161 quo

125 2175 207 2221 sibi
237 2188 332 2219 sors
362 2176 605 2219 miserrima
628 2177 844 2228 evenerit3
879 2177 993 2231 quod
1025 2180 1199 2230 tempus
1231 2177 1274 2218 in
1305 2180 1492 2220 mentem
1515 2189 1637 2220 revo-

125 2250 296 2292 cantem
325 2259 492 2291 summo
523 2246 672 2290 dolore
703 2249 862 2291 iterum
892 2246 1003 2290 affici
1049 2250 1387 2290 consentaneum
1420 2251 1498 2290 est.
1554 2248 1635 2290 Hic

125 2315 306 2362 affectus
351 2329 404 2361 eo
449 2318 706 2372 exprimitur
759 2318 873 2372 quod
918 2317 1150 2371 Iphigenia
1202 2317 1336 2360 verba
1386 2315 1635 2360 Calchantis

50 2391 52 2393 ’
119 2391 237 2448 ‘quae
266 2402 440 2445 semper
469 2389 514 2432 in
545 2390 688 2433 animo
721 2389 925 2439 servavit,
967 2401 1082 2430 nunc
1123 2389 1218 2442 ipsa
1250 2387 1388 2430 affert.
1450 2387 1501 2431 In
1531 2388 1633 2430 Ione

124 2462 298 2504 2'9-36
342 2464 388 2504 et
418 2460 579 2504 Phoen.
617 2463 787 2502 17—20
831 2459 964 2502 verba
1011 2470 1122 2512 quae
1166 2459 1219 2500 ad
1263 2461 1400 2500 totam
1444 2458 1633 2500 fabulam

125 2531 300 2575 maximi
330 2532 536 2575 momenti
579 2537 694 2582 sunt,
735 2542 887 2585 preces
921 2528 1133 2583 Apollinis
1166 2532 1210 2570 et
1242 2527 1504 2574 vaticinium,
1538 2527 1633 2579 ipsa

124 2601 380 2653 redduntur.
442 2602 492 2644 ln
522 2601 685 2643 Phoen.
718 2605 798 2643 40:

302 2668 337 2713 ὦ
369 2669 479 2724 ξένε,
510 2669 749 2724 τυράννοις
780 2669 981 2711 ἐκποδὼν
1012 2668 1270 2723 μεθίστασο.

249 2827 283 2870 1)
308 2825 347 2860 in
371 2824 567 2870 postremis
594 2823 713 2859 verbis
741 2821 867 2858 eadem
894 2821 1101 2857 observatio
1130 2830 1222 2864 quae
1247 2819 1393 2864 saepius
1418 2818 1456 2853 in
1483 2818 1630 2854 scholiis

119 2884 360 2932 'Euripideis3
390 2885 435 2920 cf.
463 2884 674 2929 Elsperger.
