1950 3308
975 285 1263 323 -14—

374 400 574 443 interitus
616 402 806 452 paratur.
869 397 926 439 Et
965 397 1073 440 hanc
1114 397 1425 451 profectionem
1457 400 1636 454 singulis
1667 402 1893 456 partibus·

375 469 686 512 accuratissime
718 466 932 508 describit.
981 466 1083 510 Hec.
1117 479 1182 510 vv.
1217 471 1442 510 521—-541
1477 470 1579 523 quid
1609 471 1864 516 immolatio-

374 551 470 581 nem
514 536 791 579 antecesserit
834 536 956 578 nobis
999 539 1099 579 ante
1143 537 1287 580 oculos
1318 538 1519 591 ponitur:
1565 540 1696 596 521l2
1729 543 1864 586 omnis

373 607 584 650 exercitus
617 606 773 648 circum
795 606 1006 648 tumulum
1029 609 1129 657 stat,
1163 610 1389 650 522—533
1414 608 1563 651 libatio
1586 613 1631 656 et
1653 611 1863 656 invocatio

373 689 422 719 eo
454 679 752 729 praeparatur,
785 676 899 729 quod
928 676 1236 730 Neoptolemus
1268 689 1361 719 cum
1398 690 1611 731 praecone
1642 683 1688 723 et
1717 680 1889 725 adulor

373 746 588 788 scentibus
613 745 871 799 Polyxenam
903 746 1148 788 tenentibus
1180 746 1223 787 in
1254 747 1466 790 tumulum
1497 750 1703 804 ascendit,
1735 751 1865 794 sumit

371 814 572 869 poculum
604 827 792 868 aureum,
826 827 971 857 omnes
1003 818 1169 866 tacent3
1202 827 1270 857 vv.
1295 819 1520 859 534—541
1554 817 1864 874 Neoptolemus

371 889 539 938 patrem
571 885 740 927 invocat
772 886 876 938 (una
906 897 1002 927 cum
1032 885 1300 927 invocatione
1332 885 1471 940 libat).
1528 887 1659 932 Andr.
1696 893 1864 933 1090—

375 956 483 996 1116
508 954 774 1004 describitur,
798 966 903 1007 quas
924 954 1098 996 insidias
1122 953 1299 996 Orestes
1321 954 1606 1009 Neoptolemo
1627 960 1862 1011 paraverit.

370 1027 599 1077 praeterea
644 1023 696 1066 cf.
742 1023 910 1065 Heracl.
943 1025 1187 1066 Soc—829.
1248 1024 1374 1067 Herc.
1409 1028 1651 1070 928-963.
1713 1026 1863 1082 Suppl.

373 1096 625 1136 653—672.
687 1093 805 1145 J.,.T.
842 1096 1096 1136 264—300.
1143 1097 1451 1137 1327—1389.
1512 1095 1601 1139 Ion.
1648 1100 1862 1152 1132sqq.

371 1164 546 1206 nuntius
589 1164 668 1205 sibi
711 1164 924 1217 proponit,
970 1155 1181 1217 quomodo
1225 1176 1356 1207 senex
1399 1165 1547 1208 Ionem
1586 1166 1630 1209 in
1669 1168 1862 1211 convivio

372 1245 534 1275 veneno
576 1232 819 1276 interficere
859 1237 1035 1276 conatus
1077 1235 1148 1276 sit.
1208 1234 1269 1277 Ut
1310 1234 1391 1277 hoc
1431 1235 1660 1288 describat,
1705 1241 1803 1280 eum
1836 1250 1862 1279 a

371 1304 522 1356 poculo
556 1315 717 1345 veneno
749 1303 913 1346 imbuto
958 1303 1245 1346 narrationem
1283 1305 1555 1358 incepturum
1587 1317 1683 1348 esse
1710 1318 1863 1360 expec-

372 1377 525 1422 tamus,
569 1373 645 1415 sed
687 1373 816 1426 longa
848 1373 1134 1426 descriptione
1165 1374 1342 1416 tentorii
1373 1375 1485 1427 quod
1517 1375 1593 1417 Ion
1623 1376 1678 1419 ad
1710 1387 1864 1433 cenan-

372 1442 472 1483 dum
516 1441 713 1485 aedificat
756 1443 993 1496 praemissa
1043 1442 1367 1499 (1132—1166)
1414 1448 1588 1487 enarrat
1620 1448 1862 1498 'praecones

372 1512 577 1565 populum
619 1513 673 1554 ad
717 1524 864 1555 cenam
909 1513 1158 1555 invitavisse
1201 1516 1246 1555 et
1280 1513 1487 1566 populum
1519 1513 1786 1568 frequentem
1818 1515 1862 1557 in

371 1582 557 1624 tentorio
596 1583 813 1624 cenavisse
845 1580 1167 1637 (1166—1170)
1198 1585 1243 1624 et
1274 1594 1418 1625 senem
1462 1583 1637 1625 ineunte
1668 1584 1861 1626 convivio

370 1663 417 1693 se
463 1652 640 1694 comiter
686 1652 871 1705 gessisse
922 1650 1243 1707 (1170—1180)
1290 1651 1342 1693 cf.
1374 1651 1440 1694 El.
1475 1650 1718 1704 777—796,
1766 1653 1862 1696 Hel.

374 1716 669 1763 1537—1591.
730 1721 889 1764 Phoen.
926 1724 1036 1763 1090
1050 1733 1141 1774 sqq.
1186 1721 1464 1774 descriptioni
1515 1734 1687 1775 pugnae
1737 1735 1863 1776 prae-

369 1790 568 1842 mittitur,
610 1791 820 1844 quomodo
853 1791 1049 1833 Eteocles
1090 1791 1324 1833 exercitum
1365 1791 1640 1834 constituerit
1671 1782 1862 1844 (10904-

373 1860 500 1913 1101)
541 1863 586 1901 et
628 1872 767 1901 mores
811 1864 978 1913 septem
1009 1860 1227 1901 hominum
1266 1860 1528 1912 habitusque
1560 1860 1861 1902 describuntur

369 1926 709 1983 (1102—1140)
760 1927 811 1969 cf.
856 1928 1012 1969 Phoen.
1062 1930 1365 1970 1359—1377
1392 1927 1445 1982 ¹).
1490 1928 1563 1970 Or.
1601 1932 1876 1972 871—883-

369 1996 522 2039 Bacch.
560 1999 841 2039 1048—1085
882 1997 1115 2049 perniciem
1147 1996 1355 2049 paulatim
1386 1997 1430 2039 in
1460 1997 1700 2040 Pentheum
1733 2011 1860 2041 ruere

369 2067 586 2109 videmus:
636 2068 918 2108 1048—1063
950 2065 1166 2108 Pentheus
1207 2066 1279 2120 qui
1312 2066 1501 2110 Bacchas
1532 2079 1616 2109 non
1646 2067 1756 2109 bene
1788 2068 1859 2110 ob-

369 2148 542 2178 servare
573 2138 729 2189 potest,
764 2135 981 2177 desiderat
1012 2139 1059 2177 ut
1090 2136 1287 2178 arborem
1319 2136 1388 2178 vel
1422 2140 1609 2179 montem
1633 2137 1858 2188 ascendat3

373 2208 656 2247 1064—1085
689 2205 902 2264 Dionysus
936 2203 1172 2247 Pentheum
1204 2205 1247 2247 in
1278 2218 1445 2248 summa
1477 2206 1631 2248 arbore
1661 2205 1783 2259 ponit
1815 2210 1859 2248 et

370 2274 558 2317 Bacchas
588 2276 633 2317 in
664 2286 760 2316 eum
793 2272 1036 2327 concitat2).

487 2343 529 2399 3)
559 2344 759 2386 Narratio
803 2355 853 2385 eo
896 2343 1159 2396 perducitur,
1203 2344 1316 2384 unde
1347 2343 1457 2385 actio
1494 2342 1606 2384 infra
1637 2344 1858 2386 continua-

369 2414 498 2456 bitur.
530 2438 586 2444 —
615 2414 800 2456 Nuntius
842 2416 1066 2467 postquam
1106 2416 1154 2455 ut
1185 2425 1317 2466 supra
1348 2412 1637 2454 demonstravi
1670 2413 1857 2466 descrip-

369 2483 529 2526 tionem
579 2483 880 2536 catastrophae
930 2483 1056 2525 rebus
1108 2495 1217 2536 quae
1266 2482 1587 2535 catastropham
1638 2483 1858 2525 adducunt

369 2553 554 2596 narratis
584 2554 872 2607 praeparavit,
905 2553 959 2595 ad
990 2552 1310 2606 catastropham
1340 2552 1480 2605 ipsam
1501 2552 1675 2594 accedit.
1738 2552 1856 2595 Haec

492 2681 526 2725 1)
551 2680 623 2715 iam
641 2680 774 2716 Phoen.
794 2681 1026 2715 1240—1258
1052 2679 1166 2714 multa
1191 2682 1344 2714 narrata
1370 2682 1455 2713 sunt
1482 2677 1660 2722 quomodo
1686 2678 1856 2714 Eteocles

370 2743 406 2775 et
433 2739 621 2783 Polynices
648 2750 806 2784 pugnam
829 2739 1160 2784 praeparavissent.
1900 2790 1903 2791 ⁷

488 2802 525 2843 2)
552 2799 660 2834 aliter
695 2810 734 2834 se
768 2799 878 2834 habet
903 2799 1034 2834 Bacch.
1062 2801 1130 2834 677
1142 2809 1206 2843 sq„
1233 2797 1296 2832 ubi
1322 2797 1469 2831 nuntius
1504 2807 1620 2831 mores
1648 2799 1685 2831 et
1709 2795 1855 2831 habitus

369 2859 594 2894 Baccharum
620 2859 826 2894 describere
851 2858 888 2893 in
914 2859 1031 2894 animo
1058 2859 1186 2893 habet:
1223 2856 1318 2901 quod
1345 2856 1468 2891 statim
1493 2865 1515 2890 a
1540 2867 1571 2890 v.
1599 2857 1669 2890 680
1693 2855 1855 2899 incipere

368 2922 501 2964 potest.
