1950 3308
731 278 1022 316 —41—

120 391 307 437 omnino
338 390 531 435 narratio
570 415 613 421 -
652 391 766 444 quod
810 402 862 432 ex
903 390 999 444 ipsa
1030 401 1078 431 re
1111 388 1308 442 sequitur
1340 411 1396 417 —
1427 399 1512 429 non
1544 391 1633 429 tam

122 461 178 507 do
204 462 339 506 rebus
370 474 498 516 quam
532 461 586 504 de
618 460 815 515 personis
846 463 926 503 est.
981 459 1038 502 Et
1069 459 1112 501 in
1135 457 1372 512 Hippolyto
1404 460 1530 500 tauro
1563 457 1636 509 qui

121 545 255 588 equos
285 531 514 587 Hippolyti
555 531 598 574 in
643 543 775 584 rupes
817 530 911 583 agit
953 542 1093 583 pauca
1137 529 1269 571 verba
1299 528 1635 584 impenduntur3

119 602 173 647 cf.
210 605 369 655 1214s7
415 600 515 656 κῦμ’
561 600 771 654 ἐξέθηκεν
813 606 1003 652 ταῦρον,
1051 600 1210 654 ἄγριον
1241 597 1369 653 τέρας
1391 599 1406 652 ΙΙ
1429 595 1484 641 οὗ
1515 603 1634 640 πᾶσα

0 648 11 726 ,γ
119 674 202 729 μὲν
231 675 358 730 χθῶν
389 670 649 728 φθέγματος
686 667 975 724 πληρουμένη
998 670 1014 723 ΙΙ
1037 670 1260 724 φρικῶδες
1291 668 1636 724 ἀντεφθέγγετο.

119 745 170 788 In
213 743 392 789 Hecuba
445 741 700 796 Talthybius
758 741 958 794 poculum
1018 753 1102 794 quo
1148 740 1459 793 Neoptolemus
1517 739 1637 791 libat,

42 855 44 858 ,
87 805 90 807 l
118 813 316 870 epitheto
346 813 608 868 πάγχρυσον
639 815 765 855 ornat
796 812 854 867 (v.
890 811 1067 865 527l8);
1115 823 1200 864 qua
1241 811 1285 853 in
1318 823 1365 853 re
1398 810 1634 853 Homerum

119 887 296 930 secutus
318 883 573 938 religionem
595 881 792 925 sacrificii
825 882 905 924 hoc
937 881 1068 924 verbo
1091 880 1265 924 indicat.
1315 881 1362 923 In
1387 881 1637 923 universum

121 955 348 1000 dicendum
382 958 450 998 est
487 953 661 997 nuntios
693 965 784 996 res
815 952 965 1006 paucis
996 955 1166 995 tantum
1199 952 1342 994 verbis
1375 951 1635 994 describere.

120 1026 187 1070 Eo
217 1025 354 1080 magis
375 1025 595 1074 miramur,
629 1024 744 1078 quod
775 1023 819 1066 in
839 1023 943 1066 Ione
971 1023 1148 1065 nuntius
1170 1021 1498 1064 tabernaculum
1520 1022 1634 1076 quod

122 1097 202 1140 Ion
231 1094 433 1140 aedificat
463 1094 788 1138 accuratissime
820 1093 1038 1136 describit.
1092 1093 1172 1135 Hic
1204 1092 1456 1146 Euripidem
1490 1105 1636 1134 veram

120 1167 352 1221 imaginem
383 1169 486 1209 ante
518 1165 664 1208 oculos
706 1164 907 1207 habuisse
939 1163 1008 1206 vel
1041 1167 1184 1206 mente
1222 1161 1442 1218 finxisse1)
1475 1163 1637 1216 optime

121 1237 420 1291 cognoscimus
452 1235 743 1289 descriptione
785 1246 896 1288 quae
943 1234 987 1276 in
1019 1233 1145 1276 Hom.
1179 1236 1225 1275 Σ
1252 1236 1484 1276 483-489
1517 1233 1636 1275 inve-

121 1307 240 1351 nitur
271 1309 544 1360 comparata:
594 1305 810 1348 Homerus
842 1305 986 1347 sidera
1019 1307 1247 1347 enumerat
1279 1316 1391 1357 quae
1423 1304 1467 1346 in
1498 1303 1635 1357 clipeo

87 1374 92 1379 '
123 1377 300 1421 Achillis
332 1375 506 1427 fuerint,
539 1375 712 1419 nomina
744 1376 836 1418 sola
866 1374 1051 1418 afferens
1086 1378 1130 1417 et
1162 1374 1215 1417 de
1237 1377 1366 1417 Arcto
1399 1374 1490 1417 solo
1522 1387 1634 1416 com-

121 1447 319 1502 pluribus
343 1447 485 1490 verbis
517 1459 633 1498 usus,
667 1459 763 1489 cum
785 1445 1017 1501 Euripides
1050 1446 1123 1499 qui
1155 1445 1305 1488 eadem
1330 1444 1421 1487 fere
1443 1445 1587 1487 sidera
1600 1443 1634 1499 ²)
1677 1457 1684 1463 ²

121 1517 316 1562 nominat
358 1517 412 1560 de
444 1517 642 1560 omnibus
673 1517 835 1571 aliquid
878 1520 1026 1559 narret
1069 1515 1188 1559 velut
1219 1515 1355 1559 solem
1387 1529 1482 1558 cum
1514 1516 1635 1570 equis

122 1587 325 1639 adfuisse,
358 1588 597 1642 Vesperem
627 1587 858 1641 splendore
880 1587 1155 1640 praestitisse
1187 1590 1232 1629 et
1263 1599 1295 1629 s.
1345 1587 1430 1629 Sed
1462 1587 1636 1629 maioris

119 1659 329 1702 momenti
359 1662 427 1701 est
458 1659 558 1701 hoc:
602 1662 698 1701 tota
729 1658 955 1711 dispositio
989 1657 1249 1700 narrationis
1283 1658 1336 1700 de
1368 1669 1500 1710 opere
1532 1657 1635 1699 arti-

120 1728 266 1773 ficioso
309 1741 422 1782 quae
461 1731 606 1772 exstat
645 1729 689 1771 in
721 1728 848 1779 Ione,
896 1729 949 1770 ab
983 1728 1214 1770 Homerica
1246 1727 1474 1779 abhorret,
1522 1728 1637 1782 quod

120 1799 238 1854 apud
259 1799 496 1844 Homerum
520 1799 691 1853 singula
714 1811 847 1852 opera
879 1811 958 1852 pro
981 1798 1278 1852 magnitudine
1301 1803 1635 1842 enumerantur:

120 1873 239 1913 terra
269 1869 392 1913 initio
424 1870 616 1923 ponitur,
664 1873 906 1923 sequuntur
937 1869 1105 1912 caelum
1137 1873 1269 1923 atque
1301 1881 1433 1919 mare,
1479 1869 1636 1912 deinde

119 1940 236 1993 luna,
287 1940 473 1994 denique
504 1939 681 1991 stellae3
733 1939 967 1993 Euripides
1014 1943 1161 1982 autem
1194 1939 1527 1993 descriptionem
1575 1940 1637 1982 ita

120 2011 352 2066 componit,
398 2015 448 2053 ut
479 2010 624 2054 sidera
654 2011 931 2053 nominentur
962 2022 1013 2052 eo
1047 2010 1197 2053 ordine
1229 2023 1313 2064 quo
1346 2014 1518 2063 tempus
1551 2011 1636 2053 diei

119 2093 173 2125 ea
202 2080 393 2135 profert:
442 2081 608 2135 primus
639 2081 703 2123 sol
735 2081 934 2123 occidens
965 2081 1224 2130 nominatur,
1274 2081 1430 2122 deinde
1464 2093 1633 2133 vesper,

121 2152 196 2205 qui
226 2156 398 2194 noctem
428 2155 576 2201 vocat3
624 2163 719 2192 cum
763 2163 847 2192 nox
887 2163 982 2192 cum
1027 2150 1164 2192 stellis
1196 2151 1354 2201 veniat,
1402 2151 1484 2193 hae
1517 2155 1635 2194 recte

121 2224 223 2276 post
253 2225 422 2263 noctem
454 2223 676 2274 ponuntur
707 2218 777 2275 (cf.
810 2223 1153 2274 transgressum:
1206 2221 1344 2275 ἄστρα
1376 2220 1414 2262 δ’
1448 2221 1637 2275 ὡμάρτει

120 2292 247 2347 θεᾷ);
279 2290 433 2335 stellae
465 2294 613 2350 autem
650 2294 694 2333 et
728 2302 807 2344 per
842 2290 956 2333 vices
994 2291 1160 2333 dierum
1192 2295 1237 2334 et
1268 2292 1311 2334 in
1346 2293 1635 2345 descriptione

121 2362 176 2405 ab
195 2362 367 2417 Aurora
397 2361 617 2416 fugantur.
671 2361 832 2404 Versus
865 2361 998 2415 igitur
1025 2365 1133 2404 1147
1170 2362 1377 2417 Οὐρανὸς
1409 2361 1636 2417 ἀθροίζων

121 2430 239 2486 ἄστρ’
275 2429 324 2474 ἐν
354 2430 539 2486 αἰθέρος
568 2432 717 2488 κύκλῳ
750 2432 1021 2485 propositum
1053 2432 1187 2474 totius
1210 2433 1514 2486 descriptionis
1545 2434 1631 2475 dat.

238 2501 470 2556 Euripides
502 2506 551 2544 ut
572 2513 704 2555 supra
726 2502 1020 2545 demonstravi
1052 2502 1094 2544 in
1117 2503 1279 2545 nuntiis
1313 2506 1408 2545 arte
1431 2503 1634 2545 narrandi

120 2571 165 2615 id
186 2571 358 2616 efficere
389 2573 539 2616 studet
569 2577 618 2616 ut
648 2585 718 2615 res
741 2573 980 2615 narrandas
1004 2572 1126 2625 quasi
1150 2572 1283 2614 oculis
1307 2573 1632 2625 perspiciamus.

122 2640 180 2685 Et
221 2642 300 2685 hoc
342 2643 468 2684 modo
513 2642 708 2684 lacunam
755 2655 866 2695 quae
910 2642 1106 2696 personis
1149 2642 1233 2684 alio
1278 2643 1369 2684 loco
1402 2642 1634 2694 agentibus

245 2746 281 2791 1)
306 2744 351 2781 de
378 2744 556 2791 Euripide
583 2745 724 2790 pictore
751 2746 854 2787 cf.‚v.
884 2747 1128 2782 Wilamowitz
1156 2746 1263 2781 Herc.
1295 2746 1339 2790 1¹,
1370 2749 1427 2782 20.

243 2807 281 2851 2)
308 2805 381 2841 tria
407 2804 530 2840 sidera
556 2804 659 2840 addit
685 2815 734 2840 sc.
762 2805 936 2850 λαμπρὸν
956 2803 1141 2849 Ἑσπέρου
1169 2804 1267 2850 φάος
1294 2817 1325 2841 v.
1355 2808 1456 2850 1149,
1497 2808 1630 2852 μελαμ·

122 2862 264 2905 πέπλος
290 2865 374 2908 Νὺξ
401 2865 606 2910 ἀσείρωτον
635 2866 757 2910 ζυγοῖς
783 2864 885 2910 ὄχημ’
917 2863 1074 2900 ἔπαλλεν
1110 2878 1140 2900 v.
1172 2868 1281 2910 1150,
1325 2863 1386 2911 ἤτε
1425 2865 1626 2911 φωσφόρος

113 2921 212 2964 ’Ἕως
239 2924 412 2961 διώκουσ’
439 2923 546 2969 ἄστρ’
578 2937 607 2959 ν.
640 2927 775 2969 11528.
