1950 3308
671 282 964 324 -ῃ-

44 398 217 455 Υψιὶἱῑιιιε
247 402 456 443 tenentur
487 397 633 452 priore
665 401 792 452 parte
826 397 1144 441 dissertationis
1177 396 1432 451 explicavit3
1464 396 1571 439 alias

59 470 156 525 ipse
198 469 368 513 addam.
431 469 540 512 Cum
585 468 697 511 aliae
732 480 954 522 personae
997 468 1244 511 nuntiatum
1285 467 1330 509 in
1372 479 1571 510 scaenam

59 540 284 584 venientes
336 540 483 583 statim
537 538 592 582 ad
642 550 733 581 rem
785 538 922 592 ipsam
976 539 1186 581 accedant
1235 537 1287 580 cf.
1322 550 1357 580 e.
1382 549 1421 592 g.
1465 537 1570 580 Hec.

31 614 267 666 ·2188qq.‚
290 611 431 654 Andr.
464 612 668 662 802sqq.‚
713 607 882 650 Heracl.
916 611 999 651 389
1012 620 1119 662 sqq,
1152 609 1308 651 Troad.
1345 611 1455 651 1123
1468 620 1570 662 sqq.,

63 680 160 724 Hel.
194 683 381 734 509sqq.
414 683 459 722 et
492 681 575 721 528
596 689 702 732 sqq.‚
746 678 901 720 Bacch.
935 681 1019 720 436
1032 690 1138 732 sqq„
1182 678 1429 721 nuntiorum
1470 691 1573 721 nar-

61 750 304 794 rationibus
335 750 467 792 breve
499 748 740 791 diverbium
777 748 1087 802 praemittitur,
1133 760 1216 802 quo
1248 748 1426 791 nuntius
1458 748 1573 802 quod

59 823 216 876 postea.
256 819 428 874 longius
469 819 749 873 expositurus
793 822 860 861 est
897 819 1060 861 indicat
1102 818 1154 861 cf.
1186 819 1363 861 Rassow
1395 831 1436 872 p.
1465 818 1570 861 loff.

0 889 250 935 :fNuntius
291 902 388 932 cum
429 889 560 932 rebus
604 901 712 943 quas
757 889 851 943 ipse
882 889 991 932 vidit
1022 889 1206 932 maxime
1238 893 1571 942 commoveatur,

32 972 234 1015 semper
285 961 339 1003 ad
383 960 553 1003 initium
585 959 713 1002 huius
745 959 906 1014 dialogi
938 959 1070 1002 verba
1100 972 1257 1014 magno
1289 971 1384 1002 cum
1417 958 1575 1003 affectu

62 1031 179 1075 dicta
199 1031 346 1085 ponit3
369 1029 569 1084 exempla
591 1029 642 1072 cf.
664 1042 704 1084 p.
722 1033 786 1072 23.
824 1030 990 1072 Deinde
1012 1029 1152 1072 nuntii
1173 1042 1199 1072 a
1219 1041 1406 1083 persona
1428 1029 1574 1084 aliqua

33 1118 36 1121 ¹
61 1101 323 1155 interrogati
353 1099 428 1156 (sc.
462 1099 553 1142 veri
583 1097 821 1153 ὑποκριταὶ
853 1098 970 1156 sunt)
1006 1099 1246 1153 longiorem
1277 1100 1572 1143 narrationem

62 1182 237 1226 semper
283 1183 309 1213 a
338 1170 470 1213 rebus
517 1170 638 1224 ipsis,
684 1172 905 1224 prooemio
950 1182 1036 1212 non
1079 1170 1318 1224 praemisso
1361 1169 1573 1224 incipiunt

62 1239 116 1285 cf.
147 1241 327 1284 Rassow
366 1253 409 1295 p.
445 1243 512 1282 21.
590 1240 734 1282 Porro'
776 1240 1025 1283 nuntiorum
1076 1240 1348 1283 narrationes
1400 1252 1572 1294 semper

61 1312 246 1355 eundem
268 1310 361 1354 fere
387 1323 614 1354 numerum
646 1323 849 1353 versuum
880 1311 1079 1364 explent3
1121 1314 1222 1354 sunt
1253 1311 1424 1354 circiter
1456 1314 1572 1353 octo-

62 1382 196 1436 ginta.
257 1381 345 1425 Res
388 1381 524 1435 igitur
568 1381 892 1424 accuratissime
937 1381 1113 1435 depingi
1150 1384 1311 1435 potest.
1373 1381 1573 1435 Denique

61 1451 239 1495 nuntius
282 1454 421 1494 totam
451 1463 542 1494 rem
576 1451 693 1494 nulla
723 1463 911 1505 persona
942 1451 1252 1505 interpellante
1283 1454 1445 1503 narrat,
1488 1463 1572 1505 quo

4 1571 7 1574 ,
61 1521 200 1575 magis
230 1521 428 1575 personis
460 1533 571 1575 quae
605 1522 765 1564 adsunt
795 1534 937 1575 neque
968 1522 1246 1575 loquentibus
1278 1534 1418 1576 neque
1440 1534 1572 1576 agen-

60 1591 178 1640 tibus
228 1591 414 1635 attentio
467 1595 765 1646 spectatorum
811 1592 865 1634 ad
912 1604 1004 1634 rem
1051 1593 1312 1635 narrandam
1359 1595 1572 1635 vertatur.

61 1661 252 1704 Nuntius
281 1662 326 1704 in
358 1661 528 1704 Heracl.
554 1665 636 1704 799
671 1656 755 1711 εἷς
786 1677 875 1716 μου
906 1663 1039 1717 λόγος
1071 1674 1142 1704 σοι
1174 1662 1355 1705 πάντα
1387 1670 1578 1717 σημανεῖ

61 1732 166 1774 τάδε
196 1733 292 1786 ipse
323 1732 435 1775 hanc
465 1733 606 1786 legem
639 1733 783 1775 verbis
815 1733 1019 1786 exprimit
1036 1732 1082 1789 ¹).

186 1863 222 1906 1)
256 1861 361 1897 Duae
410 1864 553 1896 tantum
604 1872 650 1897 ex
699 1862 975 1898 narrationibus
1025 1862 1236 1897 nuntiorum
1287 1861 1574 1907 Euripideorum

62 1921 230 1958 versibus
268 1921 425 1956 aliarum
462 1931 705 1966 personarum
746 1920 1033 1966 derumpuntur:
1078 1925 1236 1966 utraque
1278 1911 1576 1958 Phoenissarum.

61 1981 200 2017 Phoen.
231 1981 468 2017 1090—1263
495 1980 590 2016 duae
625 1970 684 2017 res
720 1981 905 2016 sententia
938 1992 1011 2016 non
1047 1982 1285 2026 coniunctae,
1322 1992 1445 2027 pugna
1482 1981 1576 2017 The-

63 2040 243 2076 banorum
279 2041 572 2086 Argivorumque
615 2045 652 2076 et
699 2044 884 2077 certamen
933 2041 1120 2086 singulare
1175 2041 1334 2077 fratrum
1378 2042 1575 2086 inceptum,

64 2101 195 2146 quibus
222 2111 267 2136 ex
291 2100 402 2137 rebus
422 2101 540 2136 altera
557 2105 666 2146 parte
684 2101 924 2136 antecedente
942 2100 1090 2137 fabulae
1107 2105 1356 2146 praeparatur
1373 2112 1422 2137 sc.
1441 2112 1575 2146 pugna,

59 2160 183 2195 *altera
220 2170 315 2195 nova
353 2164 389 2195 et
425 2163 576 2204 praeter
612 2170 713 2204 spem
748 2160 860 2204 facta,
898 2160 1062 2195 versibus
1103 2161 1206 2195 chori
1244 2164 1280 2196 et
1318 2161 1576 2206 stichomythia

65 2217 308 2264 seiunguntur
334 2219 615 2265 (1200-1216).
668 2219 866 2264 Euripides
903 2219 1013 2255 etiam
1048 2230 1092 2255 ea
1118 2219 1163 2255 de
1198 2230 1310 2255 causa
1343 2219 1576 2256 narrationes

65 2278 270 2314 seiunxisse
294 2277 451 2323 videtur,
489 2283 531 2314 ut
557 2279 702 2314 laetitia
728 2279 895 2315 locastae
920 2281 1030 2326 (1202
1045 2280 1141 2325 sqq.)
1168 2291 1252 2325 spes
1279 2281 1488 2325 expectatio
1514 2291 1576 2316 an-

64 2348 134 2383 gor
169 2336 275 2374 dolor
312 2339 530 2383 (1264sqq.)
568 2338 672 2374 iuxta
703 2343 938 2384 ponerentur.
990 2339 1158 2384 Denique
1193 2339 1238 2375 de
1276 2339 1418 2376 duabus
1464 2340 1575 2377 rebus

20 2437 21 2441 ¹
64 2395 160 2433 duae
196 2397 429 2434 narrationes
466 2397 655 2443 perfectae
689 2399 943 2434 instituuntur.
994 2398 1088 2434 Nam
1125 2398 1222 2444 quod
1257 2399 1294 2434 in
1319 2399 1391 2435 fine
1417 2399 1576 2435 omnium

64 2457 319 2493 narrationum
353 2457 536 2503 epilogum
563 2458 651 2503 poni
677 2458 830 2494 Rassow
856 2458 1132 2502 demonstravit,
1160 2463 1330 2504 apertum
1355 2459 1397 2494 fit
1421 2460 1577 2504 primam

65 2517 315 2553 narrationem
341 2517 414 2553 iam
442 2528 474 2553 v.
505 2520 595 2553 1195
623 2517 732 2553 finiri.
782 2519 937 2554 Ineunte
970 2519 1089 2554 altera
1122 2522 1228 2564 parte
1255 2531 1309 2555 vv.
1340 2521 1575 2554 1219—1222

64 2576 215 2613 nuntius
239 2578 368 2622 paucis
395 2577 516 2613 verbis
542 2577 681 2613 indicat
708 2577 755 2613 ad
782 2589 887 2622 quem
914 2577 1021 2614 finem
1042 2578 1155 2613 verba
1173 2583 1342 2623 spectent
1360 2578 1474 2623 (quod
1493 2578 1575 2613 aliis

64 2635 156 2672 loc-is
182 2635 329 2682 dialogo
355 2638 562 2672 narrationi
596 2638 799 2682 praemisso
825 2637 894 2684 fit),
922 2642 958 2673 et
984 2639 1021 2672 in
1048 2637 1118 2673 fine
1148 2639 1314 2683 epilogus
1341 2638 1502 2682 ponitur.
1531 2658 1575 2664 —

37 2686 41 2687 ⁷
65 2695 157 2730 Item
183 2695 256 2730 duo
282 2706 409 2731 versus
443 2696 546 2730 chori
572 2708 626 2731 vv.
656 2699 892 2733 1425—1426
927 2698 1134 2733 narrationi
1172 2698 1291 2732 nuntii
1330 2697 1576 2732 intermittun-

65 2758 138 2790 tur.
189 2754 312 2790 Etiam
338 2755 407 2790 hac
432 2754 471 2789 in
499 2758 605 2799 parte
632 2756 797 2790 narratio
828 2757 973 2801 quidem
1001 2757 1045 2792 de
1072 2756 1213 2791 duabus
1240 2756 1360 2801 rebus,
1388 2755 1432 2792 de
1458 2759 1575 2792 morte

66 2813 225 2850 fratrum
250 2818 288 2850 et
314 2814 494 2856 locastae,
534 2815 621 2859 agit,
662 2814 727 2850 sed
754 2826 880 2852 versus
915 2817 1031 2862 ipsam
1067 2817 1315 2852 narrationem
1350 2815 1574 2861 dirumpunt,

67 2873 165 2919 quod
189 2874 252 2910 ille
279 2875 444 2920 epilogus
471 2878 555 2920 post
592 2875 751 2920 priorem
779 2880 922 2920 partem
948 2887 1019 2911 non
1046 2876 1205 2921 ponitur.
1257 2876 1379 2912 Etiam
1405 2876 1464 2911 hic
1491 2887 1574 2911 con-

66 2933 188 2970 silium
213 2938 346 2980 poetae
373 2942 540 2980 apertum
560 2940 633 2970 est:
662 2934 847 2970 indicatur
864 2936 1113 2971 narrationem
1134 2946 1214 2972 esse
1229 2935 1274 2972 de
1292 2934 1433 2971 duabus
1451 2936 1571 2971 rebus.
