<?xml version="1.0" encoding="UTF-8"?>
<!DOCTYPE html PUBLIC "-//W3C//DTD XHTML 1.0 Transitional//EN"
    "http://www.w3.org/TR/xhtml1/DTD/xhtml1-transitional.dtd">
<html xmlns="http://www.w3.org/1999/xhtml" xml:lang="en" lang="en">
 <head>
  <title>
</title>
<meta http-equiv="Content-Type" content="text/html;charset=utf-8" />
  <meta name='ocr-system' content='tesseract 3.04.00' />
  <meta name='ocr-capabilities' content='ocr_page ocr_carea ocr_par ocr_line ocrx_word'/>
</head>
<body>
  <div class='ocr_page' id='page_1' title='image "./detragicorumatti00hennuoft_0019.png"; bbox 0 0 1950 3308; ppageno 0'>
   <div class='ocr_carea' id='block_1_1' title="bbox 8 0 322 267">
    <p class='ocr_par' dir='ltr' id='par_1_1' title="bbox 8 0 322 267">
     <span class='ocr_line' id='line_1_1' title="bbox 8 0 322 267; baseline 0 3041"><span class='ocrx_word' id='word_1_1' title='bbox 8 0 322 267; x_wconf 95' lang='lat' dir='ltr'> </span> 
     </span>
    </p>
   </div>
   <div class='ocr_carea' id='block_1_2' title="bbox 675 286 964 326">
    <p class='ocr_par' dir='ltr' id='par_1_2' title="bbox 675 286 964 326">
     <span class='ocr_line' id='line_1_2' title="bbox 675 286 964 326; baseline 0 -12"><span class='ocrx_word' id='word_1_2' title='bbox 675 286 964 326; x_wconf 68' lang='lat'>—13—</span> 
     </span>
    </p>
   </div>
   <div class='ocr_carea' id='block_1_3' title="bbox 0 379 1590 594">
    <p class='ocr_par' dir='ltr' id='par_1_3' title="bbox 0 379 1590 603">
     <span class='ocr_line' id='line_1_3' title="bbox 12 379 1590 468; baseline -0.001 -26"><span class='ocrx_word' id='word_1_3' title='bbox 12 379 25 468; x_wconf 59' lang='grc' dir='ltr'>Ξ</span> <span class='ocrx_word' id='word_1_4' title='bbox 67 396 370 455; x_wconf 79' lang='lat' dir='ltr'>proficiscitur,</span> <span class='ocrx_word' id='word_1_5' title='bbox 401 402 451 442; x_wconf 93' lang='lat' dir='ltr'>ut</span> <span class='ocrx_word' id='word_1_6' title='bbox 481 398 814 453; x_wconf 80' lang='lat' dir='ltr'>Neoptolemum</span> <span class='ocrx_word' id='word_1_7' title='bbox 847 402 984 442; x_wconf 90' lang='lat' dir='ltr'>necet.</span> <span class='ocrx_word' id='word_1_8' title='bbox 1032 398 1221 442; x_wconf 81' lang='lat' dir='ltr'><strong>Nuntius</strong></span> <span class='ocrx_word' id='word_1_9' title='bbox 1252 398 1326 453; x_wconf 92' lang='lat' dir='ltr'>qui</span> <span class='ocrx_word' id='word_1_10' title='bbox 1359 399 1413 442; x_wconf 91' lang='lat' dir='ltr'>de</span> <span class='ocrx_word' id='word_1_11' title='bbox 1459 400 1590 442; x_wconf 89' lang='lat' dir='ltr'>caede</span> 
     </span>
     <span class='ocr_line' id='line_1_4' title="bbox 10 468 1580 524; baseline 0 -13"><span class='ocrx_word' id='word_1_12' title='bbox 10 470 25 522; x_wconf 66' lang='grc' dir='ltr'>-ξ</span> <span class='ocrx_word' id='word_1_13' title='bbox 51 468 221 522; x_wconf 74' lang='lat' dir='ltr'>refert,</span> <span class='ocrx_word' id='word_1_14' title='bbox 276 469 400 513; x_wconf 91' lang='lat' dir='ltr'>initio</span> <span class='ocrx_word' id='word_1_15' title='bbox 443 469 704 512; x_wconf 82' lang='lat' dir='ltr'>narrationis</span> <span class='ocrx_word' id='word_1_16' title='bbox 746 470 801 512; x_wconf 91' lang='lat' dir='ltr'>ad</span> <span class='ocrx_word' id='word_1_17' title='bbox 847 469 958 512; x_wconf 90' lang='lat' dir='ltr'>hanc</span> <span class='ocrx_word' id='word_1_18' title='bbox 1000 468 1313 523; x_wconf 86' lang='lat' dir='ltr'>profectionem</span> <span class='ocrx_word' id='word_1_19' title='bbox 1361 469 1580 524; x_wconf 84' lang='lat' dir='ltr'>respicere</span> 
     </span>
     <span class='ocr_line' id='line_1_5' title="bbox 0 527 1579 594; baseline 0.004 -19"><span class='ocrx_word' id='word_1_20' title='bbox 0 527 40 585; x_wconf 68' lang='grc' dir='ltr'>ξ’</span> <span class='ocrx_word' id='word_1_21' title='bbox 66 550 153 583; x_wconf 89' lang='lat' dir='ltr'>non</span> <span class='ocrx_word' id='word_1_22' title='bbox 183 542 342 594; x_wconf 89' lang='lat' dir='ltr'>potest,</span> <span class='ocrx_word' id='word_1_23' title='bbox 376 539 454 582; x_wconf 88' lang='lat' dir='ltr'>sed</span> <span class='ocrx_word' id='word_1_24' title='bbox 486 552 526 582; x_wconf 88' lang='lat' dir='ltr'>v.</span> <span class='ocrx_word' id='word_1_25' title='bbox 562 542 674 582; x_wconf 88' lang='lat'>1090</span> <span class='ocrx_word' id='word_1_26' title='bbox 705 551 884 582; x_wconf 87' lang='lat' dir='ltr'>narrare</span> <span class='ocrx_word' id='word_1_27' title='bbox 927 538 1090 592; x_wconf 84' lang='lat' dir='ltr'>incipit,</span> <span class='ocrx_word' id='word_1_28' title='bbox 1132 539 1235 593; x_wconf 91' lang='lat' dir='ltr'>quid</span> <span class='ocrx_word' id='word_1_29' title='bbox 1267 539 1447 583; x_wconf 85' lang='lat' dir='ltr'>Orestes</span> <span class='ocrx_word' id='word_1_30' title='bbox 1479 539 1579 582; x_wconf 93' lang='lat' dir='ltr'>Del-</span> 
     </span>
    </p>
   </div>
   <div class='ocr_carea' id='block_1_4' title="bbox 17 608 1582 735">
    <p class='ocr_par' dir='ltr' id='par_1_4' title="bbox 17 608 1582 735">
     <span class='ocr_line' id='line_1_6' title="bbox 17 608 1578 666; baseline 0.001 -13"><span class='ocrx_word' id='word_1_31' title='bbox 17 630 23 658; x_wconf 73' lang='lat' dir='ltr'>3v</span> <span class='ocrx_word' id='word_1_32' title='bbox 67 609 178 666; x_wconf 85' lang='lat' dir='ltr'>phos</span> <span class='ocrx_word' id='word_1_33' title='bbox 208 610 386 654; x_wconf 82' lang='lat' dir='ltr'>veniens</span> <span class='ocrx_word' id='word_1_34' title='bbox 426 609 591 652; x_wconf 87' lang='lat' dir='ltr'>fecerit.</span> <span class='ocrx_word' id='word_1_35' title='bbox 654 608 705 651; x_wconf 84' lang='lat' dir='ltr'>cf.</span> <span class='ocrx_word' id='word_1_36' title='bbox 740 609 911 652; x_wconf 90' lang='lat' dir='ltr'>Heracl.</span> <span class='ocrx_word' id='word_1_37' title='bbox 946 612 1031 652; x_wconf 84' lang='lat'>800</span> <span class='ocrx_word' id='word_1_38' title='bbox 1046 621 1132 663; x_wconf 83' lang='lat' dir='ltr'>sq.;</span> <span class='ocrx_word' id='word_1_39' title='bbox 1178 609 1328 664; x_wconf 88' lang='lat' dir='ltr'>Suppl.</span> <span class='ocrx_word' id='word_1_40' title='bbox 1362 614 1446 654; x_wconf 89' lang='lat'>650</span> <span class='ocrx_word' id='word_1_41' title='bbox 1460 623 1578 665; x_wconf 87' lang='lat' dir='ltr'>sqq.;</span> 
     </span>
     <span class='ocr_line' id='line_1_7' title="bbox 65 678 1582 735; baseline 0.001 -12"><span class='ocrx_word' id='word_1_42' title='bbox 65 679 102 723; x_wconf 94' lang='grc' dir='ltr'>Ι.</span> <span class='ocrx_word' id='word_1_43' title='bbox 124 679 173 723; x_wconf 91' lang='grc' dir='ltr'>Τ.</span> <span class='ocrx_word' id='word_1_44' title='bbox 207 683 398 735; x_wconf 85' lang='lat' dir='ltr'>260sqq.</span> <span class='ocrx_word' id='word_1_45' title='bbox 461 679 589 722; x_wconf 89' lang='lat' dir='ltr'>Herc.</span> <span class='ocrx_word' id='word_1_46' title='bbox 622 681 707 722; x_wconf 85' lang='lat'>873</span> <span class='ocrx_word' id='word_1_47' title='bbox 761 678 892 721; x_wconf 86' lang='lat' dir='ltr'>Furia</span> <span class='ocrx_word' id='word_1_48' title='bbox 941 679 1074 722; x_wconf 89' lang='lat' dir='ltr'>aedes</span> <span class='ocrx_word' id='word_1_49' title='bbox 1120 680 1279 722; x_wconf 87' lang='lat' dir='ltr'>intrat:</span> <span class='ocrx_word' id='word_1_50' title='bbox 1332 681 1582 724; x_wconf 79' lang='lat' dir='ltr'>narratione</span> 
     </span>
    </p>
   </div>
   <div class='ocr_carea' id='block_1_5' title="bbox 0 747 1583 2771">
    <p class='ocr_par' dir='ltr' id='par_1_5' title="bbox 41 747 1583 1225">
     <span class='ocr_line' id='line_1_8' title="bbox 66 747 1582 805; baseline -0.001 -10"><span class='ocrx_word' id='word_1_51' title='bbox 66 750 207 798; x_wconf 84' lang='lat' dir='ltr'>nuntii</span> <span class='ocrx_word' id='word_1_52' title='bbox 249 750 434 805; x_wconf 87' lang='lat' dir='ltr'>primum</span> <span class='ocrx_word' id='word_1_53' title='bbox 479 747 735 792; x_wconf 89' lang='lat' dir='ltr'>sacrificium</span> <span class='ocrx_word' id='word_1_54' title='bbox 768 749 839 805; x_wconf 90' lang='lat' dir='ltr'>(sc.</span> <span class='ocrx_word' id='word_1_55' title='bbox 874 761 926 791; x_wconf 91' lang='lat' dir='ltr'>ea</span> <span class='ocrx_word' id='word_1_56' title='bbox 957 761 1028 792; x_wconf 89' lang='lat' dir='ltr'>res</span> <span class='ocrx_word' id='word_1_57' title='bbox 1072 761 1183 803; x_wconf 87' lang='lat' dir='ltr'>quae</span> <span class='ocrx_word' id='word_1_58' title='bbox 1217 750 1348 793; x_wconf 87' lang='lat' dir='ltr'>Furia</span> <span class='ocrx_word' id='word_1_59' title='bbox 1390 751 1582 794; x_wconf 91' lang='lat' dir='ltr'>nondum</span> 
     </span>
     <span class='ocr_line' id='line_1_9' title="bbox 50 816 1581 874; baseline 0 -10"><span class='ocrx_word' id='word_1_60' title='bbox 50 818 112 864; x_wconf 72' lang='lat' dir='ltr'>-in</span> <span class='ocrx_word' id='word_1_61' title='bbox 138 816 322 864; x_wconf 72' lang='lat' dir='ltr'>aedibus</span> <span class='ocrx_word' id='word_1_62' title='bbox 353 822 528 863; x_wconf 84' lang='lat' dir='ltr'>versata</span> <span class='ocrx_word' id='word_1_63' title='bbox 566 817 729 874; x_wconf 87' lang='lat' dir='ltr'>agitur)</span> <span class='ocrx_word' id='word_1_64' title='bbox 773 818 975 870; x_wconf 90' lang='lat' dir='ltr'>refertur,</span> <span class='ocrx_word' id='word_1_65' title='bbox 1025 819 1180 862; x_wconf 91' lang='lat' dir='ltr'>deinde</span> <span class='ocrx_word' id='word_1_66' title='bbox 1213 819 1334 862; x_wconf 86' lang='lat' dir='ltr'>furor</span> <span class='ocrx_word' id='word_1_67' title='bbox 1366 820 1581 864; x_wconf 88' lang='lat' dir='ltr'>Herculis.</span> 
     </span>
     <span class='ocr_line' id='line_1_10' title="bbox 41 889 1582 946; baseline 0.001 -13"><span class='ocrx_word' id='word_1_68' title='bbox 41 889 161 933; x_wconf 47' lang='lat' dir='ltr'>alon.</span> <span class='ocrx_word' id='word_1_69' title='bbox 187 892 298 933; x_wconf 87' lang='grc'><strong>1047</strong></span> <span class='ocrx_word' id='word_1_70' title='bbox 332 901 466 932; x_wconf 87' lang='lat' dir='ltr'>senex</span> <span class='ocrx_word' id='word_1_71' title='bbox 496 893 727 943; x_wconf 86' lang='lat' dir='ltr'>postquam</span> <span class='ocrx_word' id='word_1_72' title='bbox 762 901 974 932; x_wconf 90' lang='lat' dir='ltr'>venenum</span> <span class='ocrx_word' id='word_1_73' title='bbox 1008 902 1033 931; x_wconf 91' lang='lat' dir='ltr'>a</span> <span class='ocrx_word' id='word_1_74' title='bbox 1057 889 1223 932; x_wconf 85' lang='lat' dir='ltr'>Creusa</span> <span class='ocrx_word' id='word_1_75' title='bbox 1255 891 1436 944; x_wconf 88' lang='lat' dir='ltr'>accepit,</span> <span class='ocrx_word' id='word_1_76' title='bbox 1471 892 1582 946; x_wconf 87' lang='lat' dir='ltr'>abit;</span> 
     </span>
     <span class='ocr_line' id='line_1_11' title="bbox 66 959 1582 1014; baseline 0.001 -11"><span class='ocrx_word' id='word_1_77' title='bbox 66 959 244 1003; x_wconf 87' lang='lat' dir='ltr'>nuntius</span> <span class='ocrx_word' id='word_1_78' title='bbox 275 971 362 1002; x_wconf 90' lang='lat' dir='ltr'>non</span> <span class='ocrx_word' id='word_1_79' title='bbox 394 960 449 1002; x_wconf 89' lang='lat' dir='ltr'>ab</span> <span class='ocrx_word' id='word_1_80' title='bbox 482 959 562 1002; x_wconf 90' lang='lat' dir='ltr'>hoc</span> <span class='ocrx_word' id='word_1_81' title='bbox 594 963 791 1013; x_wconf 89' lang='lat' dir='ltr'>tempore</span> <span class='ocrx_word' id='word_1_82' title='bbox 822 960 1119 1002; x_wconf 81' lang='lat' dir='ltr'>narrationem</span> <span class='ocrx_word' id='word_1_83' title='bbox 1150 960 1316 1014; x_wconf 84' lang='lat' dir='ltr'>incipit,</span> <span class='ocrx_word' id='word_1_84' title='bbox 1349 962 1426 1004; x_wconf 92' lang='lat' dir='ltr'>sed</span> <span class='ocrx_word' id='word_1_85' title='bbox 1458 961 1582 1004; x_wconf 92' lang='lat' dir='ltr'>initio</span> 
     </span>
     <span class='ocr_line' id='line_1_12' title="bbox 68 1029 1583 1084; baseline 0.001 -11"><span class='ocrx_word' id='word_1_86' title='bbox 68 1029 330 1073; x_wconf 77' lang='lat' dir='ltr'>narrationis</span> <span class='ocrx_word' id='word_1_87' title='bbox 348 1029 538 1084; x_wconf 87' lang='lat' dir='ltr'>explicat</span> <span class='ocrx_word' id='word_1_88' title='bbox 554 1030 655 1083; x_wconf 89' lang='lat' dir='ltr'>quid</span> <span class='ocrx_word' id='word_1_89' title='bbox 667 1029 839 1072; x_wconf 90' lang='lat' dir='ltr'>Xuthos</span> <span class='ocrx_word' id='word_1_90' title='bbox 857 1033 902 1072; x_wconf 90' lang='lat' dir='ltr'>et</span> <span class='ocrx_word' id='word_1_91' title='bbox 915 1030 991 1072; x_wconf 91' lang='lat' dir='ltr'>Ion</span> <span class='ocrx_word' id='word_1_92' title='bbox 1003 1043 1044 1072; x_wconf 89' lang='lat' dir='ltr'>v.</span> <span class='ocrx_word' id='word_1_93' title='bbox 1057 1031 1140 1072; x_wconf 83' lang='lat'>675</span> <span class='ocrx_word' id='word_1_94' title='bbox 1157 1031 1369 1074; x_wconf 90' lang='lat' dir='ltr'>abeuntes</span> <span class='ocrx_word' id='word_1_95' title='bbox 1387 1030 1583 1076; x_wconf 83' lang='lat' dir='ltr'>fecerint.</span> 
     </span>
     <span class='ocr_line' id='line_1_13' title="bbox 187 1098 1583 1154; baseline 0.002 -12"><span class='ocrx_word' id='word_1_96' title='bbox 187 1099 232 1154; x_wconf 87' lang='lat'>2)</span> <span class='ocrx_word' id='word_1_97' title='bbox 262 1098 452 1142; x_wconf 88' lang='lat' dir='ltr'>Nuntius</span> <span class='ocrx_word' id='word_1_98' title='bbox 482 1103 714 1154; x_wconf 87' lang='lat' dir='ltr'>postquam</span> <span class='ocrx_word' id='word_1_99' title='bbox 755 1099 809 1142; x_wconf 87' lang='lat' dir='ltr'>ab</span> <span class='ocrx_word' id='word_1_100' title='bbox 842 1099 922 1142; x_wconf 88' lang='lat' dir='ltr'>hoc</span> <span class='ocrx_word' id='word_1_101' title='bbox 958 1104 1156 1154; x_wconf 91' lang='lat' dir='ltr'>tempore</span> <span class='ocrx_word' id='word_1_102' title='bbox 1188 1102 1486 1144; x_wconf 87' lang='lat' dir='ltr'>narrationem</span> <span class='ocrx_word' id='word_1_103' title='bbox 1518 1103 1583 1145; x_wconf 90' lang='lat' dir='ltr'>in-</span> 
     </span>
     <span class='ocr_line' id='line_1_14' title="bbox 63 1155 1583 1225; baseline 0.001 -13"><span class='ocrx_word' id='word_1_104' title='bbox 63 1168 221 1220; x_wconf 83' lang='lat' dir='ltr'>stituit,</span> <span class='ocrx_word' id='word_1_105' title='bbox 267 1169 330 1212; x_wconf 87' lang='lat' dir='ltr'>ita</span> <span class='ocrx_word' id='word_1_106' title='bbox 369 1170 528 1224; x_wconf 88' lang='lat' dir='ltr'>pergit,</span> <span class='ocrx_word' id='word_1_107' title='bbox 573 1173 623 1212; x_wconf 92' lang='lat' dir='ltr'>ut</span> <span class='ocrx_word' id='word_1_108' title='bbox 665 1182 751 1212; x_wconf 93' lang='lat' dir='ltr'>non</span> <span class='ocrx_word' id='word_1_109' title='bbox 795 1155 934 1212; x_wconf 59' lang='lat' dir='ltr'>sol‘um</span> <span class='ocrx_word' id='word_1_110' title='bbox 978 1170 1300 1225; x_wconf 87' lang='lat' dir='ltr'>catastropham</span> <span class='ocrx_word' id='word_1_111' title='bbox 1338 1184 1466 1225; x_wconf 90' lang='lat' dir='ltr'>quam</span> <span class='ocrx_word' id='word_1_112' title='bbox 1501 1172 1583 1214; x_wconf 93' lang='lat' dir='ltr'>sibi</span> 
     </span>
    </p>

    <p class='ocr_par' dir='ltr' id='par_1_6' title="bbox 2 1234 1582 1507">
     <span class='ocr_line' id='line_1_15' title="bbox 2 1234 1582 1294; baseline 0.002 -13"><span class='ocrx_word' id='word_1_113' title='bbox 2 1234 5 1235; x_wconf 45' lang='lat'><em>⁷</em></span> <span class='ocrx_word' id='word_1_114' title='bbox 61 1238 306 1293; x_wconf 83' lang='lat' dir='ltr'>proposuit,</span> <span class='ocrx_word' id='word_1_115' title='bbox 347 1240 423 1282; x_wconf 88' lang='lat' dir='ltr'>sed</span> <span class='ocrx_word' id='word_1_116' title='bbox 468 1240 599 1282; x_wconf 89' lang='lat' dir='ltr'>etiam</span> <span class='ocrx_word' id='word_1_117' title='bbox 642 1240 1004 1294; x_wconf 88' lang='lat' dir='ltr'>quemadmodum</span> <span class='ocrx_word' id='word_1_118' title='bbox 1036 1253 1106 1283; x_wconf 89' lang='lat' dir='ltr'>res</span> <span class='ocrx_word' id='word_1_119' title='bbox 1139 1253 1185 1283; x_wconf 90' lang='lat' dir='ltr'>se</span> <span class='ocrx_word' id='word_1_120' title='bbox 1217 1241 1272 1283; x_wconf 89' lang='lat' dir='ltr'>ad</span> <span class='ocrx_word' id='word_1_121' title='bbox 1306 1241 1418 1284; x_wconf 89' lang='lat' dir='ltr'>hunc</span> <span class='ocrx_word' id='word_1_122' title='bbox 1451 1241 1582 1285; x_wconf 89' lang='lat' dir='ltr'>finem</span> 
     </span>
     <span class='ocr_line' id='line_1_16' title="bbox 35 1309 1579 1364; baseline 0.002 -12"><span class='ocrx_word' id='word_1_123' title='bbox 35 1309 377 1364; x_wconf 70' lang='lat' dir='ltr'>&#39;explicaverint</span> <span class='ocrx_word' id='word_1_124' title='bbox 408 1314 610 1353; x_wconf 90' lang='lat' dir='ltr'>accurate</span> <span class='ocrx_word' id='word_1_125' title='bbox 643 1310 874 1353; x_wconf 86' lang='lat' dir='ltr'>describat.</span> <span class='ocrx_word' id='word_1_126' title='bbox 938 1310 1031 1353; x_wconf 92' lang='lat' dir='ltr'>Hoc</span> <span class='ocrx_word' id='word_1_127' title='bbox 1062 1311 1165 1353; x_wconf 90' lang='lat' dir='ltr'>mihi</span> <span class='ocrx_word' id='word_1_128' title='bbox 1197 1315 1300 1354; x_wconf 91' lang='lat' dir='ltr'>ante</span> <span class='ocrx_word' id='word_1_129' title='bbox 1334 1313 1476 1354; x_wconf 90' lang='lat' dir='ltr'>omnia</span> <span class='ocrx_word' id='word_1_130' title='bbox 1510 1325 1579 1355; x_wconf 90' lang='lat' dir='ltr'>ar-</span> 
     </span>
     <span class='ocr_line' id='line_1_17' title="bbox 62 1380 1578 1435; baseline 0.003 -13"><span class='ocrx_word' id='word_1_131' title='bbox 62 1381 268 1433; x_wconf 87' lang='lat' dir='ltr'>gumento</span> <span class='ocrx_word' id='word_1_132' title='bbox 313 1383 381 1423; x_wconf 89' lang='lat' dir='ltr'>est</span> <span class='ocrx_word' id='word_1_133' title='bbox 420 1380 674 1434; x_wconf 86' lang='lat' dir='ltr'>Euripidem</span> <span class='ocrx_word' id='word_1_134' title='bbox 715 1381 1010 1423; x_wconf 85' lang='lat' dir='ltr'>narrationem</span> <span class='ocrx_word' id='word_1_135' title='bbox 1058 1394 1138 1435; x_wconf 91' lang='lat' dir='ltr'>pro</span> <span class='ocrx_word' id='word_1_136' title='bbox 1169 1381 1342 1424; x_wconf 87' lang='lat' dir='ltr'>actione</span> <span class='ocrx_word' id='word_1_137' title='bbox 1375 1395 1472 1426; x_wconf 89' lang='lat' dir='ltr'>esse</span> <span class='ocrx_word' id='word_1_138' title='bbox 1505 1396 1578 1426; x_wconf 88' lang='lat' dir='ltr'>vo-</span> 
     </span>
     <span class='ocr_line' id='line_1_18' title="bbox 61 1449 1580 1507; baseline 0.003 -15"><span class='ocrx_word' id='word_1_139' title='bbox 61 1449 216 1493; x_wconf 86' lang='lat' dir='ltr'>luisse:</span> <span class='ocrx_word' id='word_1_140' title='bbox 259 1450 393 1493; x_wconf 84' lang='lat' dir='ltr'>verba</span> <span class='ocrx_word' id='word_1_141' title='bbox 424 1451 566 1494; x_wconf 88' lang='lat' dir='ltr'>nuntii</span> <span class='ocrx_word' id='word_1_142' title='bbox 597 1454 735 1494; x_wconf 89' lang='lat' dir='ltr'>totam</span> <span class='ocrx_word' id='word_1_143' title='bbox 766 1451 965 1494; x_wconf 85' lang='lat' dir='ltr'>lacunam</span> <span class='ocrx_word' id='word_1_144' title='bbox 998 1452 1175 1506; x_wconf 89' lang='lat' dir='ltr'>explere</span> <span class='ocrx_word' id='word_1_145' title='bbox 1226 1453 1429 1496; x_wconf 87' lang='lat' dir='ltr'>videntur</span> <span class='ocrx_word' id='word_1_146' title='bbox 1470 1466 1580 1507; x_wconf 90' lang='lat' dir='ltr'>quae</span> 
     </span>
    </p>

    <p class='ocr_par' dir='ltr' id='par_1_7' title="bbox 0 1518 1580 1858">
     <span class='ocr_line' id='line_1_19' title="bbox 0 1518 1580 1575; baseline 0.003 -13"><span class='ocrx_word' id='word_1_147' title='bbox 0 1564 3 1568; x_wconf 76' lang='grc'>,</span> <span class='ocrx_word' id='word_1_148' title='bbox 33 1518 178 1574; x_wconf 66' lang='lat' dir='ltr'>‘quod</span> <span class='ocrx_word' id='word_1_149' title='bbox 208 1532 423 1574; x_wconf 86' lang='lat' dir='ltr'>personae</span> <span class='ocrx_word' id='word_1_150' title='bbox 454 1533 481 1564; x_wconf 89' lang='lat' dir='ltr'>a</span> <span class='ocrx_word' id='word_1_151' title='bbox 503 1533 660 1563; x_wconf 86' lang='lat' dir='ltr'>scaena</span> <span class='ocrx_word' id='word_1_152' title='bbox 690 1522 893 1564; x_wconf 87' lang='lat' dir='ltr'>absentes</span> <span class='ocrx_word' id='word_1_153' title='bbox 926 1526 1062 1575; x_wconf 88' lang='lat' dir='ltr'>agunt</span> <span class='ocrx_word' id='word_1_154' title='bbox 1093 1522 1135 1564; x_wconf 91' lang='lat' dir='ltr'>in</span> <span class='ocrx_word' id='word_1_155' title='bbox 1169 1523 1338 1566; x_wconf 90' lang='lat' dir='ltr'>actione</span> <span class='ocrx_word' id='word_1_156' title='bbox 1371 1524 1580 1567; x_wconf 90' lang='lat' dir='ltr'>dramatis</span> 
     </span>
     <span class='ocr_line' id='line_1_20' title="bbox 62 1588 1575 1650; baseline 0.003 -18"><span class='ocrx_word' id='word_1_157' title='bbox 62 1588 247 1632; x_wconf 83' lang='lat' dir='ltr'>efficitur</span> <span class='ocrx_word' id='word_1_158' title='bbox 268 1590 388 1634; x_wconf 88' lang='lat' dir='ltr'>velut</span> <span class='ocrx_word' id='word_1_159' title='bbox 418 1591 462 1634; x_wconf 91' lang='lat' dir='ltr'>in</span> <span class='ocrx_word' id='word_1_160' title='bbox 494 1591 608 1634; x_wconf 90' lang='lat' dir='ltr'>Med.</span> <span class='ocrx_word' id='word_1_161' title='bbox 631 1591 790 1647; x_wconf 81' lang='lat' dir='ltr'>1134s5</span> <span class='ocrx_word' id='word_1_162' title='bbox 823 1591 978 1634; x_wconf 89' lang='lat' dir='ltr'>Medea</span> <span class='ocrx_word' id='word_1_163' title='bbox 999 1593 1243 1646; x_wconf 86' lang='lat' dir='ltr'>interrogat</span> <span class='ocrx_word' id='word_1_164' title='bbox 1264 1601 1353 1644; x_wconf 79' lang='grc' dir='ltr'>πῶς</span> <span class='ocrx_word' id='word_1_165' title='bbox 1385 1595 1575 1650; x_wconf 80' lang='grc' dir='ltr'><strong><em>ὤλοντο;</em></strong></span> 
     </span>
     <span class='ocr_line' id='line_1_21' title="bbox 64 1657 1575 1718; baseline 0.003 -16"><span class='ocrx_word' id='word_1_166' title='bbox 64 1657 136 1711; x_wconf 77' lang='grc' dir='ltr'>δὶς</span> <span class='ocrx_word' id='word_1_167' title='bbox 177 1661 313 1703; x_wconf 84' lang='grc' dir='ltr'><strong><em>τόσον</em></strong></span> <span class='ocrx_word' id='word_1_168' title='bbox 353 1661 437 1716; x_wconf 82' lang='grc' dir='ltr'>γὰρ</span> <span class='ocrx_word' id='word_1_169' title='bbox 483 1660 538 1703; x_wconf 78' lang='grc' dir='ltr'>ἂν</span> <span class='ocrx_word' id='word_1_170' title='bbox 584 1660 790 1715; x_wconf 79' lang='grc' dir='ltr'><strong><em>τέρψειας</em></strong></span> <span class='ocrx_word' id='word_1_171' title='bbox 835 1661 959 1716; x_wconf 79' lang='grc' dir='ltr'><em>ἡμᾶς,</em></span> <span class='ocrx_word' id='word_1_172' title='bbox 1010 1664 1051 1704; x_wconf 80' lang='grc' dir='ltr'>εἰ</span> <span class='ocrx_word' id='word_1_173' title='bbox 1093 1667 1280 1705; x_wconf 80' lang='grc' dir='ltr'><strong><em>τεθνᾶσι</em></strong></span> <span class='ocrx_word' id='word_1_174' title='bbox 1327 1671 1575 1718; x_wconf 80' lang='grc' dir='ltr'><strong><em>παγκακῶς.</em></strong></span> 
     </span>
     <span class='ocr_line' id='line_1_22' title="bbox 65 1730 1578 1784; baseline 0.003 -11"><span class='ocrx_word' id='word_1_175' title='bbox 65 1730 254 1773; x_wconf 89' lang='lat' dir='ltr'>Nuntius</span> <span class='ocrx_word' id='word_1_176' title='bbox 314 1731 451 1784; x_wconf 86' lang='lat' dir='ltr'>igitur</span> <span class='ocrx_word' id='word_1_177' title='bbox 511 1734 693 1774; x_wconf 88' lang='lat' dir='ltr'>mortem</span> <span class='ocrx_word' id='word_1_178' title='bbox 745 1732 993 1775; x_wconf 89' lang='lat' dir='ltr'>describens</span> <span class='ocrx_word' id='word_1_179' title='bbox 1046 1733 1244 1775; x_wconf 89' lang='lat' dir='ltr'>dominae</span> <span class='ocrx_word' id='word_1_180' title='bbox 1293 1733 1578 1778; x_wconf 87' lang='lat' dir='ltr'>satisfecisset</span> 
     </span>
     <span class='ocr_line' id='line_1_23' title="bbox 64 1800 1576 1858; baseline 0.004 -16"><span class='ocrx_word' id='word_1_181' title='bbox 64 1800 237 1855; x_wconf 85' lang='lat' dir='ltr'>quando</span> <span class='ocrx_word' id='word_1_182' title='bbox 278 1800 452 1854; x_wconf 90' lang='lat' dir='ltr'>quidem</span> <span class='ocrx_word' id='word_1_183' title='bbox 483 1800 640 1844; x_wconf 91' lang='lat' dir='ltr'>Medea</span> <span class='ocrx_word' id='word_1_184' title='bbox 672 1801 880 1844; x_wconf 88' lang='lat' dir='ltr'>Creusam</span> <span class='ocrx_word' id='word_1_185' title='bbox 923 1803 1118 1845; x_wconf 88' lang='lat' dir='ltr'>vestibus</span> <span class='ocrx_word' id='word_1_186' title='bbox 1151 1804 1377 1847; x_wconf 90' lang='lat' dir='ltr'>venenatis</span> <span class='ocrx_word' id='word_1_187' title='bbox 1409 1805 1576 1858; x_wconf 87' lang='lat' dir='ltr'>perisse</span> 
     </span>
    </p>

    <p class='ocr_par' dir='ltr' id='par_1_8' title="bbox 6 1858 1574 1999">
     <span class='ocr_line' id='line_1_24' title="bbox 6 1858 1574 1927; baseline 0.004 -15"><span class='ocrx_word' id='word_1_188' title='bbox 6 1860 8 1862; x_wconf 49' lang='grc'>’</span> <span class='ocrx_word' id='word_1_189' title='bbox 62 1858 147 1913; x_wconf 89' lang='lat' dir='ltr'>non</span> <span class='ocrx_word' id='word_1_190' title='bbox 178 1871 352 1924; x_wconf 86' lang='lat' dir='ltr'>ignorat</span> <span class='ocrx_word' id='word_1_191' title='bbox 383 1883 523 1925; x_wconf 90' lang='lat' dir='ltr'>neque</span> <span class='ocrx_word' id='word_1_192' title='bbox 555 1871 648 1915; x_wconf 90' lang='lat' dir='ltr'>eius</span> <span class='ocrx_word' id='word_1_193' title='bbox 679 1872 863 1915; x_wconf 88' lang='lat' dir='ltr'>interest</span> <span class='ocrx_word' id='word_1_194' title='bbox 895 1873 1005 1915; x_wconf 89' lang='lat' dir='ltr'>scire</span> <span class='ocrx_word' id='word_1_195' title='bbox 1036 1874 1250 1927; x_wconf 91' lang='lat' dir='ltr'>quomodo</span> <span class='ocrx_word' id='word_1_196' title='bbox 1282 1873 1406 1916; x_wconf 90' lang='lat' dir='ltr'>liberi</span> <span class='ocrx_word' id='word_1_197' title='bbox 1430 1878 1574 1918; x_wconf 87' lang='lat' dir='ltr'>vestes</span> 
     </span>
     <span class='ocr_line' id='line_1_25' title="bbox 61 1941 1573 1999; baseline 0.003 -16"><span class='ocrx_word' id='word_1_198' title='bbox 61 1941 262 1984; x_wconf 78' lang='lat' dir='ltr'>dederint</span> <span class='ocrx_word' id='word_1_199' title='bbox 300 1953 440 1995; x_wconf 91' lang='lat' dir='ltr'>neque</span> <span class='ocrx_word' id='word_1_200' title='bbox 483 1941 528 1984; x_wconf 87' lang='lat' dir='ltr'>id</span> <span class='ocrx_word' id='word_1_201' title='bbox 567 1945 616 1984; x_wconf 91' lang='lat' dir='ltr'>ut</span> <span class='ocrx_word' id='word_1_202' title='bbox 658 1943 843 1989; x_wconf 86' lang='lat' dir='ltr'>sciamus</span> <span class='ocrx_word' id='word_1_203' title='bbox 874 1944 929 1985; x_wconf 88' lang='lat' dir='ltr'>ad</span> <span class='ocrx_word' id='word_1_204' title='bbox 961 1944 1174 1986; x_wconf 89' lang='lat' dir='ltr'>actionem</span> <span class='ocrx_word' id='word_1_205' title='bbox 1207 1943 1380 1987; x_wconf 87' lang='lat' dir='ltr'>fabulae</span> <span class='ocrx_word' id='word_1_206' title='bbox 1412 1946 1573 1999; x_wconf 90' lang='lat' dir='ltr'>aliquid</span> 
     </span>
    </p>

    <p class='ocr_par' dir='ltr' id='par_1_9' title="bbox 4 2006 1572 2771">
     <span class='ocr_line' id='line_1_26' title="bbox 4 2006 1572 2067; baseline 0.003 -12"><span class='ocrx_word' id='word_1_207' title='bbox 4 2032 7 2034; x_wconf 29' lang='lat' dir='ltr'>v</span> <span class='ocrx_word' id='word_1_208' title='bbox 30 2006 34 2009; x_wconf 66' lang='grc'><strong>’</strong></span> <span class='ocrx_word' id='word_1_209' title='bbox 61 2012 190 2062; x_wconf 86' lang='lat' dir='ltr'>valet,</span> <span class='ocrx_word' id='word_1_210' title='bbox 224 2011 301 2055; x_wconf 89' lang='lat' dir='ltr'>sed</span> <span class='ocrx_word' id='word_1_211' title='bbox 333 2024 448 2055; x_wconf 89' lang='lat' dir='ltr'>mors</span> <span class='ocrx_word' id='word_1_212' title='bbox 471 2011 660 2055; x_wconf 87' lang='lat' dir='ltr'>Creusae</span> <span class='ocrx_word' id='word_1_213' title='bbox 691 2016 736 2056; x_wconf 93' lang='lat' dir='ltr'>et</span> <span class='ocrx_word' id='word_1_214' title='bbox 758 2014 897 2067; x_wconf 88' lang='lat' dir='ltr'>patris</span> <span class='ocrx_word' id='word_1_215' title='bbox 927 2014 1031 2056; x_wconf 86' lang='lat' dir='ltr'>sola.</span> <span class='ocrx_word' id='word_1_216' title='bbox 1094 2015 1151 2056; x_wconf 90' lang='lat' dir='ltr'>At</span> <span class='ocrx_word' id='word_1_217' title='bbox 1173 2015 1350 2058; x_wconf 90' lang='lat' dir='ltr'>nuntius</span> <span class='ocrx_word' id='word_1_218' title='bbox 1373 2016 1427 2058; x_wconf 92' lang='lat' dir='ltr'>ab</span> <span class='ocrx_word' id='word_1_219' title='bbox 1450 2016 1572 2059; x_wconf 90' lang='lat' dir='ltr'>initio</span> 
     </span>
     <span class='ocr_line' id='line_1_27' title="bbox 58 2083 1571 2138; baseline 0.002 -13"><span class='ocrx_word' id='word_1_220' title='bbox 58 2085 209 2126; x_wconf 87' lang='lat' dir='ltr'>narrat</span> <span class='ocrx_word' id='word_1_221' title='bbox 252 2084 465 2138; x_wconf 91' lang='lat' dir='ltr'>quomodo</span> <span class='ocrx_word' id='word_1_222' title='bbox 511 2096 582 2126; x_wconf 89' lang='lat' dir='ltr'>res</span> <span class='ocrx_word' id='word_1_223' title='bbox 615 2085 669 2126; x_wconf 92' lang='lat' dir='ltr'>ad</span> <span class='ocrx_word' id='word_1_224' title='bbox 709 2084 822 2126; x_wconf 87' lang='lat' dir='ltr'>hunc</span> <span class='ocrx_word' id='word_1_225' title='bbox 865 2083 993 2126; x_wconf 91' lang='lat' dir='ltr'>finem</span> <span class='ocrx_word' id='word_1_226' title='bbox 1039 2085 1230 2127; x_wconf 86' lang='lat' dir='ltr'>venerit:</span> <span class='ocrx_word' id='word_1_227' title='bbox 1284 2089 1571 2129; x_wconf 81' lang='lat'>1144—-1155</span> 
     </span>
     <span class='ocr_line' id='line_1_28' title="bbox 58 2152 1572 2207; baseline 0.002 -12"><span class='ocrx_word' id='word_1_228' title='bbox 58 2153 195 2196; x_wconf 84' lang='lat' dir='ltr'>Jason</span> <span class='ocrx_word' id='word_1_229' title='bbox 217 2152 407 2196; x_wconf 89' lang='lat' dir='ltr'>Creusae</span> <span class='ocrx_word' id='word_1_230' title='bbox 439 2166 549 2206; x_wconf 90' lang='lat' dir='ltr'>quae</span> <span class='ocrx_word' id='word_1_231' title='bbox 579 2155 739 2196; x_wconf 91' lang='lat' dir='ltr'>liberos</span> <span class='ocrx_word' id='word_1_232' title='bbox 772 2154 863 2196; x_wconf 91' lang='lat' dir='ltr'>odit</span> <span class='ocrx_word' id='word_1_233' title='bbox 895 2155 1162 2207; x_wconf 86' lang='lat' dir='ltr'>persuadere</span> <span class='ocrx_word' id='word_1_234' title='bbox 1192 2155 1364 2207; x_wconf 88' lang='lat' dir='ltr'>studet;</span> <span class='ocrx_word' id='word_1_235' title='bbox 1401 2159 1572 2198; x_wconf 88' lang='lat'>1156-—</span> 
     </span>
     <span class='ocr_line' id='line_1_29' title="bbox 63 2222 1571 2280; baseline 0.002 -14"><span class='ocrx_word' id='word_1_236' title='bbox 63 2225 174 2266; x_wconf 82' lang='lat'>1166</span> <span class='ocrx_word' id='word_1_237' title='bbox 198 2222 362 2266; x_wconf 88' lang='lat' dir='ltr'>Creusa</span> <span class='ocrx_word' id='word_1_238' title='bbox 393 2224 537 2266; x_wconf 91' lang='lat' dir='ltr'>studio</span> <span class='ocrx_word' id='word_1_239' title='bbox 569 2223 807 2267; x_wconf 88' lang='lat' dir='ltr'>munditiae</span> <span class='ocrx_word' id='word_1_240' title='bbox 840 2224 1082 2276; x_wconf 90' lang='lat' dir='ltr'>adducitur,</span> <span class='ocrx_word' id='word_1_241' title='bbox 1116 2228 1164 2267; x_wconf 90' lang='lat' dir='ltr'>ut</span> <span class='ocrx_word' id='word_1_242' title='bbox 1196 2237 1243 2267; x_wconf 89' lang='lat' dir='ltr'>se</span> <span class='ocrx_word' id='word_1_243' title='bbox 1275 2229 1421 2280; x_wconf 88' lang='lat' dir='ltr'>ornet;</span> <span class='ocrx_word' id='word_1_244' title='bbox 1457 2227 1571 2280; x_wconf 91' lang='lat' dir='ltr'>quod</span> 
     </span>
     <span class='ocr_line' id='line_1_30' title="bbox 59 2292 1570 2349; baseline 0.003 -13"><span class='ocrx_word' id='word_1_245' title='bbox 59 2292 208 2337; x_wconf 78' lang='lat' dir='ltr'>multis</span> <span class='ocrx_word' id='word_1_246' title='bbox 239 2294 383 2338; x_wconf 88' lang='lat' dir='ltr'>verbis</span> <span class='ocrx_word' id='word_1_247' title='bbox 416 2293 688 2337; x_wconf 90' lang='lat' dir='ltr'>describitur.</span> <span class='ocrx_word' id='word_1_248' title='bbox 751 2307 789 2336; x_wconf 90' lang='lat' dir='ltr'>v.</span> <span class='ocrx_word' id='word_1_249' title='bbox 826 2296 938 2337; x_wconf 82' lang='lat'>1204</span> <span class='ocrx_word' id='word_1_250' title='bbox 981 2298 1109 2349; x_wconf 90' lang='lat' dir='ltr'>pater</span> <span class='ocrx_word' id='word_1_251' title='bbox 1140 2296 1278 2347; x_wconf 83' lang='lat' dir='ltr'>venit3</span> <span class='ocrx_word' id='word_1_252' title='bbox 1322 2297 1398 2339; x_wconf 91' lang='lat' dir='ltr'>sed</span> <span class='ocrx_word' id='word_1_253' title='bbox 1439 2297 1570 2340; x_wconf 89' lang='lat' dir='ltr'>etiam</span> 
     </span>
     <span class='ocr_line' id='line_1_31' title="bbox 57 2364 1570 2420; baseline 0.003 -13"><span class='ocrx_word' id='word_1_254' title='bbox 57 2364 140 2408; x_wconf 83' lang='lat' dir='ltr'>hac</span> <span class='ocrx_word' id='word_1_255' title='bbox 177 2365 222 2407; x_wconf 91' lang='lat' dir='ltr'>in</span> <span class='ocrx_word' id='word_1_256' title='bbox 252 2367 387 2419; x_wconf 17' lang='lat' dir='ltr'>,parte</span> <span class='ocrx_word' id='word_1_257' title='bbox 426 2377 512 2408; x_wconf 92' lang='lat' dir='ltr'>non</span> <span class='ocrx_word' id='word_1_258' title='bbox 543 2366 679 2407; x_wconf 90' lang='lat' dir='ltr'>solum</span> <span class='ocrx_word' id='word_1_259' title='bbox 721 2366 935 2420; x_wconf 90' lang='lat' dir='ltr'>pernicies</span> <span class='ocrx_word' id='word_1_260' title='bbox 977 2366 1246 2418; x_wconf 86' lang='lat' dir='ltr'>describitur,</span> <span class='ocrx_word' id='word_1_261' title='bbox 1290 2369 1365 2410; x_wconf 90' lang='lat' dir='ltr'>sed</span> <span class='ocrx_word' id='word_1_262' title='bbox 1399 2381 1570 2412; x_wconf 89' lang='lat' dir='ltr'>maeror</span> 
     </span>
     <span class='ocr_line' id='line_1_32' title="bbox 53 2435 1568 2492; baseline 0.003 -15"><span class='ocrx_word' id='word_1_263' title='bbox 53 2437 101 2477; x_wconf 87' lang='lat' dir='ltr'>et</span> <span class='ocrx_word' id='word_1_264' title='bbox 139 2437 320 2488; x_wconf 90' lang='lat' dir='ltr'>questus</span> <span class='ocrx_word' id='word_1_265' title='bbox 362 2435 543 2478; x_wconf 85' lang='lat' dir='ltr'>totidem</span> <span class='ocrx_word' id='word_1_266' title='bbox 589 2447 739 2479; x_wconf 91' lang='lat' dir='ltr'>versus</span> <span class='ocrx_word' id='word_1_267' title='bbox 780 2436 960 2490; x_wconf 91' lang='lat' dir='ltr'>explent</span> <span class='ocrx_word' id='word_1_268' title='bbox 1002 2437 1117 2490; x_wconf 91' lang='lat' dir='ltr'>quod</span> <span class='ocrx_word' id='word_1_269' title='bbox 1150 2437 1384 2492; x_wconf 88' lang='lat' dir='ltr'>descriptio</span> <span class='ocrx_word' id='word_1_270' title='bbox 1418 2440 1568 2482; x_wconf 89' lang='lat' dir='ltr'>mortis</span> 
     </span>
     <span class='ocr_line' id='line_1_33' title="bbox 54 2502 1567 2562; baseline 0.003 -16"><span class='ocrx_word' id='word_1_271' title='bbox 54 2502 107 2546; x_wconf 93' lang='lat' dir='ltr'>In</span> <span class='ocrx_word' id='word_1_272' title='bbox 137 2503 268 2558; x_wconf 87' lang='lat' dir='ltr'>Hipp.</span> <span class='ocrx_word' id='word_1_273' title='bbox 304 2508 590 2548; x_wconf 84' lang='lat'>1178—1197</span> <span class='ocrx_word' id='word_1_274' title='bbox 625 2506 803 2549; x_wconf 88' lang='lat' dir='ltr'>nuntius</span> <span class='ocrx_word' id='word_1_275' title='bbox 840 2507 1093 2560; x_wconf 87' lang='lat' dir='ltr'>priusquam</span> <span class='ocrx_word' id='word_1_276' title='bbox 1127 2508 1182 2549; x_wconf 90' lang='lat' dir='ltr'>ad</span> <span class='ocrx_word' id='word_1_277' title='bbox 1216 2508 1567 2562; x_wconf 88' lang='lat' dir='ltr'>descripitionem</span> 
     </span>
     <span class='ocr_line' id='line_1_34' title="bbox 53 2565 1565 2631; baseline 0.003 -14"><span class='ocrx_word' id='word_1_278' title='bbox 53 2573 263 2629; x_wconf 90' lang='lat' dir='ltr'>perniciei</span> <span class='ocrx_word' id='word_1_279' title='bbox 293 2565 421 2630; x_wconf 87' lang='lat' dir='ltr'>quam</span> <span class='ocrx_word' id='word_1_280' title='bbox 444 2575 653 2630; x_wconf 89' lang='lat' dir='ltr'>paulatim</span> <span class='ocrx_word' id='word_1_281' title='bbox 677 2577 962 2631; x_wconf 88' lang='lat' dir='ltr'>Hippolytum</span> <span class='ocrx_word' id='word_1_282' title='bbox 997 2577 1266 2631; x_wconf 89' lang='lat' dir='ltr'>oppressisse</span> <span class='ocrx_word' id='word_1_283' title='bbox 1299 2591 1365 2621; x_wconf 89' lang='lat' dir='ltr'>vv.</span> <span class='ocrx_word' id='word_1_284' title='bbox 1397 2582 1565 2621; x_wconf 82' lang='grc'>1198-</span> 
     </span>
     <span class='ocr_line' id='line_1_35' title="bbox 27 2646 1565 2702; baseline 0 -12"><span class='ocrx_word' id='word_1_285' title='bbox 27 2646 169 2690; x_wconf 77' lang='grc'>,1242</span> <span class='ocrx_word' id='word_1_286' title='bbox 199 2649 380 2696; x_wconf 81' lang='lat' dir='ltr'>-narrat,</span> <span class='ocrx_word' id='word_1_287' title='bbox 428 2646 606 2696; x_wconf 85' lang='lat' dir='ltr'>accedit,</span> <span class='ocrx_word' id='word_1_288' title='bbox 655 2659 724 2688; x_wconf 87' lang='lat' dir='ltr'>vv.</span> <span class='ocrx_word' id='word_1_289' title='bbox 760 2649 1045 2690; x_wconf 86' lang='lat'>1178—1197</span> <span class='ocrx_word' id='word_1_290' title='bbox 1095 2647 1379 2702; x_wconf 90' lang='lat' dir='ltr'>Hippolytum</span> <span class='ocrx_word' id='word_1_291' title='bbox 1425 2649 1565 2702; x_wconf 84' lang='lat' dir='ltr'>Argos</span> 
     </span>
     <span class='ocr_line' id='line_1_36' title="bbox 53 2711 1564 2771; baseline 0.003 -16"><span class='ocrx_word' id='word_1_292' title='bbox 53 2711 293 2766; x_wconf 86' lang='lat' dir='ltr'>fugientem</span> <span class='ocrx_word' id='word_1_293' title='bbox 340 2714 544 2756; x_wconf 90' lang='lat' dir='ltr'>describit</span> <span class='ocrx_word' id='word_1_294' title='bbox 586 2715 642 2757; x_wconf 88' lang='lat' dir='ltr'>ad</span> <span class='ocrx_word' id='word_1_295' title='bbox 685 2715 788 2758; x_wconf 91' lang='lat' dir='ltr'>litus</span> <span class='ocrx_word' id='word_1_296' title='bbox 833 2717 963 2759; x_wconf 88' lang='lat' dir='ltr'>maris</span> <span class='ocrx_word' id='word_1_297' title='bbox 1007 2716 1249 2771; x_wconf 90' lang='lat' dir='ltr'>profectum</span> <span class='ocrx_word' id='word_1_298' title='bbox 1292 2729 1387 2759; x_wconf 88' lang='lat' dir='ltr'>esse</span> <span class='ocrx_word' id='word_1_299' title='bbox 1419 2717 1493 2760; x_wconf 93' lang='lat' dir='ltr'>ubi</span> <span class='ocrx_word' id='word_1_300' title='bbox 1525 2718 1564 2760; x_wconf 91' lang='lat' dir='ltr'>ei</span> 
     </span>
    </p>
   </div>
   <div class='ocr_carea' id='block_1_6' title="bbox 49 2807 330 2814">
    <p class='ocr_par' dir='ltr' id='par_1_10' title="bbox 49 2807 330 2814">
     <span class='ocr_line' id='line_1_37' title="bbox 49 2807 330 2814; baseline 0 494"><span class='ocrx_word' id='word_1_301' title='bbox 49 2807 330 2814; x_wconf 95' lang='lat' dir='ltr'> </span> 
     </span>
    </p>
   </div>
   <div class='ocr_carea' id='block_1_7' title="bbox 49 2864 1559 2962">
    <p class='ocr_par' dir='ltr' id='par_1_11' title="bbox 49 2864 1559 2962">
     <span class='ocr_line' id='line_1_38' title="bbox 51 2864 1559 2916; baseline 0.003 -16"><span class='ocrx_word' id='word_1_302' title='bbox 51 2864 209 2912; x_wconf 76' lang='lat' dir='ltr'>Psyche²</span> <span class='ocrx_word' id='word_1_303' title='bbox 234 2877 271 2911; x_wconf 88' lang='lat' dir='ltr'>p.</span> <span class='ocrx_word' id='word_1_304' title='bbox 299 2867 387 2912; x_wconf 79' lang='lat'>1593</span> <span class='ocrx_word' id='word_1_305' title='bbox 415 2868 456 2902; x_wconf 91' lang='lat' dir='ltr'>A.</span> <span class='ocrx_word' id='word_1_306' title='bbox 477 2866 744 2912; x_wconf 61' lang='lat' dir='ltr'>Furtwangler,</span> <span class='ocrx_word' id='word_1_307' title='bbox 784 2867 954 2914; x_wconf 85' lang='lat' dir='ltr'>Sammlg.</span> <span class='ocrx_word' id='word_1_308' title='bbox 984 2869 1188 2905; x_wconf 84' lang='lat' dir='ltr'>Sabouroff.</span> <span class='ocrx_word' id='word_1_309' title='bbox 1216 2870 1244 2906; x_wconf 90' lang='grc' dir='ltr'>Ι.</span> <span class='ocrx_word' id='word_1_310' title='bbox 1262 2869 1424 2916; x_wconf 86' lang='lat' dir='ltr'>Lieferg.</span> <span class='ocrx_word' id='word_1_311' title='bbox 1450 2881 1484 2915; x_wconf 89' lang='lat' dir='ltr'>p.</span> <span class='ocrx_word' id='word_1_312' title='bbox 1507 2873 1559 2906; x_wconf 84' lang='grc'>19.</span> 
     </span>
     <span class='ocr_line' id='line_1_39' title="bbox 49 2925 187 2962; baseline 0 0"><span class='ocrx_word' id='word_1_313' title='bbox 49 2925 127 2962; x_wconf 80' lang='lat' dir='ltr'>tab.</span> <span class='ocrx_word' id='word_1_314' title='bbox 156 2928 187 2962; x_wconf 88' lang='lat'>1.</span> 
     </span>
    </p>
   </div>
  </div>
 </body>
</html>
