1950 3308
769 289 1028 328 -3-

142 404 308 451 tionum
331 407 595 460 tragicarum
627 409 672 448 et
703 404 885 447 formam
906 404 1160 459 perquirere
1192 403 1296 446 mihi
1317 406 1537 458 proposui.
1599 405 1659 447 Et

76 486 78 488 ·
143 475 346 531 quoniam
397 488 451 518 ex
495 476 733 530 tragoediis
766 475 984 528 Euripidis
1036 475 1142 518 satis
1189 474 1346 516 multas
1393 475 1660 528 superstites-

143 546 352 590 habemus
393 550 442 589 ut
482 546 537 589 de
581 546 643 588 eis
683 546 846 599 aliquid
887 545 1047 588 certius
1080 545 1291 587 disserere
1323 545 1550 599 possimus,
1599 546 1663 588 ab

143 616 211 660 his
253 617 426 660 initium
469 616 689 670 capiamus
731 619 776 657 et
821 615 1070 668 tragoedias
1112 614 1336 668 Sophoclis
1368 615 1660 670 Aeschylique

144 699 240 730 cum
273 686 336 730 eis
367 684 651 728 conferamus.

882 814 911 855 I.

258 896 320 940 Ut
350 895 680 939 fundamentum
722 895 904 939 solidum
947 908 1171 950 ponamus,
1216 897 1260 939 id
1292 896 1479 950 primum
1523 909 1653 951 quae-

142 967 326 1010 rendum
357 970 424 1010 est
456 979 582 1021 quem
606 967 744 1010 locum
768 967 1040 1012 narrationes
1072 967 1115 1009 in
1137 967 1307 1010 actione
1329 967 1653 1021 tragoediarum

143 1036 580 1092 Euripidearum
612 1037 837 1079 obtineant
854 1036 898 1091 1).

257 1106 302 1160 a)
333 1106 548 1150 Narratur
591 1110 639 1149 ut
671 1110 940 1161 spectatores
984 1119 1054 1150 res
1098 1109 1150 1150 de
1191 1107 1346 1161 quibus
1379 1107 1651 1161 tragoediam

140 1177 236 1231 geri
266 1179 398 1231 poeta
429 1178 523 1220 vult
554 1177 823 1230 intellegant.
876 1177 1003 1220 Tales
1035 1178 1306 1220 narrationes
1338 1178 1548 1232 imprimis
1581 1190 1652 1219 ex-

139 1250 260 1291 stant
289 1247 333 1290 in
365 1247 568 1302 prologis,
614 1249 657 1290 in
689 1249 845 1302 quibus
886 1248 993 1291 deus
1026 1249 1094 1290 vel
1125 1248 1210 1290 alia
1240 1260 1428 1302 persona
1458 1252 1507 1290 ut
1539 1247 1654 1290 unde

62 1308 65 1310 Ὗ
139 1319 368 1377 tragoedia
396 1319 576 1373 incipiat
607 1319 928 1372 spectatoribus
960 1319 1160 1373 explicet,
1202 1319 1245 1361 in
1288 1331 1488 1362 scaenam
1520 1319 1652 1361 venit.

141 1388 309 1432 Deinde
354 1388 398 1431 in
444 1389 710 1432 orationibus
755 1402 1037 1443 personarum
1083 1390 1127 1431 in
1170 1402 1371 1432 scaenam
1417 1390 1655 1443 proceden-

138 1458 247 1502 tium
278 1459 558 1502 inveniuntur
599 1460 869 1502 narrationes
903 1460 1058 1513 quibus
1091 1460 1409 1514 spectatoribus
1450 1463 1653 1514 apertum

137 1527 228 1580 fiat,
271 1541 346 1572 cur
389 1529 474 1572 ista
517 1542 704 1584 persona
752 1531 990 1573 advenerit:
1035 1530 1131 1573 Hel.
1167 1534 1399 1574 386-—484
1430 1530 1653 1573 Menelaus

138 1611 325 1654 peregre
373 1600 549 1643 veniens
596 1612 666 1643 res
714 1613 824 1655 quae
868 1601 950 1643 sibi
995 1601 1219 1644 evenerint
1263 1601 1455 1655 exponit.
1533 1600 1652 1643 Haec

135 1671 328 1714 narratio
359 1675 408 1713 ut
439 1671 645 1725 prologus
677 1671 900 1726 profertur
932 1671 1037 1724 (Leo
1069 1685 1111 1726 p.
1137 1672 1278 1726 3ol1);
1314 1671 1388 1714 Or.
1415 1674 1647 1714 356—374

135 1740 361 1784 Menelaus
393 1740 485 1784 fata
527 1753 638 1795 quae
670 1754 715 1784 se
747 1743 931 1797 inmari
963 1743 1241 1796 navigantem
1272 1755 1412 1796 paene
1446 1743 1652 1785 contude-

134 1812 223 1855 rint
254 1815 442 1856 enarrat.
507 1812 703 1866 Denique
735 1813 778 1854 in
812 1813 898 1855 Alc.
935 1816 1163 1856 158—208
1197 1813 1345 1855 nutrix
1385 1816 1486 1867 post
1525 1824 1651 1866 paro-

135 1881 235 1925 dum
279 1882 398 1926 chori
440 1882 647 1937 explanat
691 1896 802 1937 quae
846 1896 916 1926 res
948 1883 1158 1926 adversae
1188 1883 1454 1926 Alcestidem
1487 1886 1531 1925 et
1563 1883 1650 1925 Ad-

133 1955 297 1996 metum
341 1953 621 2007 opresserint.
683 1954 826 1996 EtIam
870 1954 977 1996 haec
1018 1953 1208 1996 narratio
1239 1953 1488 2007 exponendi
1519 1965 1650 1996 causa

134 2023 387 2077 tragoediae
417 2023 653 2067 innectitur
686 2023 853 2080 (Arnim
886 2037 927 2077 p.
963 2027 1017 2066 99
1037 2023 1158 2080 sqq).

251 2094 298 2150 b)
343 2094 560 2137 Narratur
610 2099 659 2136 ut
711 2094 874 2148 aliquid
921 2107 1079 2136 novum
1125 2098 1169 2136 et
1214 2094 1437 2147 inopinate
1483 2092 1645 2135 factum

133 2165 374 2207 nuntietur.
436 2165 543 2207 Cum
583 2165 855 2206 narrationes
898 2176 1004 2217 quas
1047 2167 1178 2206 antea
1222 2163 1470 2206 enumeravi
1501 2163 1646 2217 potius

135 2234 189 2276 ad
212 2237 482 2288 spectatores
505 2233 719 2276 docendos
741 2235 981 2276 recitentur
1003 2246 1131 2287 quam
1154 2233 1210 2276 ad
1231 2246 1439 2287 personas
1462 2232 1645 2287 fabulae,

134 2304 218 2347 hae
262 2305 535 2347 narrationes
575 2329 633 2334 —
680 2304 955 2358 excipiuntur
998 2307 1089 2346 tres
1130 2303 1220 2346 Alc.
1256 2307 1499 2357 751—771,
1550 2303 1646 2345 Hel.

135 2377 380 2425 515—526,
425 2374 578 2416 Bacch.
613 2377 845 2417 616-640
888 2398 944 2403 -
986 2375 1040 2416 ad
1085 2373 1279 2417 homines
1322 2374 1366 2417 in
1408 2373 1645 2428 tragoediis

133 2447 314 2499 agentes
347 2445 549 2488 dicuntur
591 2448 635 2487 et
678 2456 788 2487 novo
821 2448 1038 2487 momento
1073 2444 1284 2487 actionem
1317 2445 1564 2498 producunt
1595 2444 1646 2485 cf.

132 2515 223 2558 Alc.
258 2519 485 2558 751—771
534 2527 684 2558 servus
727 2515 852 2557 domo
885 2527 1143 2569 progressus
1175 2527 1255 2569 per
1288 2514 1560 2567 soliloquium
1593 2514 1646 2555 de

133 2586 358 2641 potatione
389 2585 590 2629 Herculis
634 2589 678 2628 et
719 2585 979 2628 famulorum
1019 2585 1139 2627 luctu
1171 2588 1334 2627 narrat.
1399 2584 1517 2625 Haec
1548 2596 1646 2625 nar-

134 2718 283 2750 secutus
309 2725 406 2759 sum3
433 2714 531 2748 inter
557 2724 647 2757 quos
674 2715 742 2749 hoc
767 2715 848 2749 loco
867 2725 1106 2750 commemoro
1134 2724 1252 2758 nuper
1277 2713 1412 2748 editos:
1441 2712 1551 2756 Gross,
1580 2711 1648 2747 Die

135 2773 398 2819 Stichomythie
424 2774 462 2808 in
489 2772 554 2808 der
580 2773 714 2817 griech.
743 2773 925 2818 Tragodie
943 2786 977 2809 u.
999 2773 1176 2808 Komodie
1203 2776 1238 2808 et
1266 2773 1352 2816 Leo,
1379 2773 1456 2808 Der
1473 2772 1647 2816 Monolog

73 2850 81 2856 ..
132 2833 182 2869 im
206 2833 347 2868 Drama
372 2833 497 2879 (AGG.
529 2834 647 2877 1908).

257 2894 292 2939 1)
318 2893 375 2928 De
400 2894 653 2928 narrationum
680 2892 944 2937 compositione
981 2893 1166 2928 rhetorica
1201 2891 1247 2928 cf.
1274 2891 1340 2928 Th.
1367 2892 1501 2936 Miller,
1538 2891 1644 2926 Euri-

131 2951 237 2999 pides
262 2953 481 2989 rhetoricus.
534 2954 633 2989 Gott.
664 2955 766 2997 1887,
795 2964 829 2997 p.
859 2955 904 2987 50
917 2964 994 2997 sqq.

1307 3018 1326 3056 1
1342 3015 1364 3039 >iz
