1950 3308
773 252 946 308 —⁴53
1007 289 1065 295 —

119 380 255 434 lirin
286 381 488 428 Creontis
530 395 645 438 esse;
686 382 732 426 id
762 385 909 425 autem
941 380 985 423 in
1019 379 1068 423 Ο.
1090 380 1140 423 R.
1175 383 1220 422 et
1253 379 1303 422 Ο.
1328 378 1373 422 C
1406 380 1672 432 ignor;amus

51 449 223 516 [fa-‚st
238 453 285 498 in
315 453 367 498 Ο
391 455 437 497 C.
481 454 659 497 nuntius
703 453 807 496 civis
846 449 1123 495 Atheniensis
1167 453 1244 492 aut
1287 448 1474 492 famulus
1519 450 1673 492 Thesei

154 535 261 577 esse
290 528 452 579 potest.
514 522 648 567 Certe
690 536 744 566 ex
775 522 932 566 ceteris
973 520 1136 564 nuntiis
1175 519 1468 563 concludimus
1499 523 1672 573 poetam

163 595 296 655 etiam
327 595 394 639 his
424 595 468 638 in
498 593 736 648 tragoediis
777 592 952 635 nuntios
993 591 1187 634 homines
1228 590 1378 633 humili
1417 590 1511 633 loco
1548 593 1673 632 natos

163 677 260 711 esse
291 665 496 709 voluisse.
554 662 789 718 Sophocles
821 662 934 705 enim
967 661 1051 704 alia
1074 665 1168 704 arte
1191 673 1293 703 usus
1316 664 1395 711 est,
1430 663 1479 702 ut
1500 659 1673 702 nuntios

161 735 356 784 homines
402 735 478 786 de,
502 733 630 788 plebe
677 745 772 776 esse
813 732 987 783 indicet,
1036 731 1279 786 ἠθοποιίαν
1323 731 1431 773 dico.
1493 730 1673 777 Duobus

32 879 54 929 j
95 924 97 926 ,
150 878 231 920 ’est
270 874 431 930 loquax
474 877 520 918 et
561 874 745 928 ignavus
778 872 848 927 (cf.
882 873 931 915 E.
955 872 1117 915 Bruhn.
1165 870 1302 926 praef.
1336 884 1378 925 p.
1403 871 1462 922 2').
1524 870 1672 912 Talem

162 946 367 990 comicam
414 945 724 999 loquacitatem
779 947 825 987 et
869 943 1037 997 copiam
1085 942 1255 985 dicendi
1302 942 1434 984 etiam
1481 941 1524 983 in
1572 941 1672 983 Ant.

166 1018 353 1070 1155sq.
377 1019 422 1059 et
445 1014 497 1058 Ο.
519 1015 571 1057 R.
598 1016 708 1057 1223
723 1026 787 1068 sq.
820 1013 1003 1057 inveniri
1034 1016 1155 1067 puto,
1217 1012 1328 1054 Nam
1360 1012 1490 1065 plane
1521 1011 1673 1058 eodem

163 1086 290 1130 modo
333 1098 417 1140 quo
461 1088 607 1129 custos
651 1085 694 1126 in
728 1085 947 1138 Antigona
991 1096 1077 1126 non
1117 1083 1267 1125 statim
1299 1094 1402 1124 are
1434 1081 1674 1126 nuntianda

161 1157 316 1212 incipit
357 1156 434 1199 sed
481 1155 691 1199 ambobus
722 1155 827 1197 locis
861 1167 928 1197 vv.
963 1156 1192 1196 223—236
1226 1156 1271 1195 et
1304 1155 1534 1195 389—400
1566 1151 1673 1193 alias

162 1239 234 1271 res
264 1227 447 1270 verbose
475 1226 538 1268 ita
558 1225 747 1280 explicat
779 1229 828 1267 ut
860 1224 934 1278 qui
955 1224 1138 1266 audiunt
1159 1236 1256 1266 eum
1279 1235 1366 1265 non
1402 1221 1671 1275 intellegant,

162 1297 304 1341 nuntii
346 1297 390 1340 in
438 1297 537 1339 Ant.
575 1299 858 1339 1155—1171
909 1298 954 1338 et
987 1294 1052 1357 ·O.
1076 1295 1126 1336 R.
1165 1295 1446 1336 1223-1231
1499 1291 1672 1345 longam

163 1367 405 1412 orationem
437 1367 684 1422 generalem
708 1366 881 1417 habent,
914 1377 999 1418 qua
1031 1364 1084 1407 de
1117 1364 1246 1407 rebus
1278 1363 1381 1406 visis
1413 1374 1673 1416 quamquam

145 1437 220 1498 ‚de
261 1436 324 1480 eis
367 1437 558 1479 nondum
601 1439 888 1480 narraverunt
931 1435 1180 1488 loquuntur.
1244 1433 1388 1476 Etiam
1437 1433 1480 1474 in
1523 1441 1672 1474 narra-

163 1508 284 1551 tione
313 1510 518 1551 accurata
539 1507 606 1549 Ai.
631 1509 860 1549 719—732
893 1518 978 1559 qua
1009 1505 1185 1547 nuntius
1218 1504 1380 1557 aliquid
1412 1515 1495 1545 non
1528 1514 1672 1544 neces-

165 1577 337 1624 sarium.
362 1577 582 1628 describit,
615 1573 729 1631 ἦθος
760 1576 901 1618 nuntii
933 1576 1114 1618 indicari
1146 1574 1298 1617 Nauck
1329 1575 1372 1616 in
1404 1571 1674 1627 praefatione

165 1647 368 1691 editionis
420 1651 616 1690 annotat.
697 1647 747 1689 In
798 1645 978 1688 Philoct.
1019 1648 1102 1687 542
1116 1658 1178 1698 sq.
1231 1656 1372 1686 mores
1424 1642 1675 1685 mercatoris

164 1719 326 1762 comico
369 1730 488 1761 more
531 1716 775 1772 finguntur:
821 1720 1035 1759 mercator
1075 1716 1221 1758 statim
1255 1715 1392 1757 multa
1423 1715 1476 1756 de
1507 1713 1674 1755 meritis

162 1789 355 1843 loquitur
384 1791 430 1831 et
461 1801 500 1830 v.
525 1791 607 1831 582
640 1787 791 1830 timide
814 1786 1146 1840 Neoptolemum
1180 1786 1396 1835 admonet,
1436 1788 1484 1826 ut
1515 1787 1673 1826 taceat.

166 1863 220 1891 -ss
252 1858 303 1902 In
334 1859 574 1911 tragoediis
606 1859 741 1912 igitur
773 1857 1025 1911 Sophocleis
1055 1856 1232 1899 nuntius
1276 1855 1571 1907 unusquisque
1607 1852 1672 1894 sui

162 1929 334 1984 generis
378 1928 512 1972 fuisse
559 1929 754 1971 videtur:
799 1929 1002 1970 nimirum
1035 1925 1269 1980 Sophocles
1313 1938 1398 1967 non
1445 1928 1580 1974 curat,
1627 1926 1676 1964 ut

164 2000 356 2045 animum
394 2003 689 2054 spectatorum
723 2012 749 2041 a
780 2010 967 2052 persona
1009 1997 1063 2040 ad
1095 2009 1185 2039 rem
1223 1996 1482 2038 narrandam
1517 1997 1674 2036 vertat.

281 2069 425 2114 Etiam
458 2070 599 2112 nuntii
622 2068 855 2122 Sophoclei
887 2069 929 2110 id
963 2067 1102 2110 solum
1125 2070 1305 2108 narrant
1327 2065 1440 2118 quod
1464 2064 1675 2106 viderunt.

166 2140 259 2184 Hoc
301 2140 513 2193 imprimis
558 2140 642 2181 iam
687 2138 881 2180 diverbio
926 2137 1163 2179 narrationi
1197 2136 1435 2189 praemisso
1469 2138 1544 2176 aut
1575 2145 1672 2187 pro-

165 2210 304 2254 oemio
336 2208 564 2252 affirmant.
627 2208 679 2252 cf.
713 2209 778 2250 Ai.
806 2211 902 2251 748.
949 2211 1046 2250 Ant.
1075 2209 1191 2253 1192,
1208 2210 1245 2248 3.
1279 2205 1344 2247 El.
1380 2208 1461 2247 762
1495 2203 1556 2261 (in
1588 2203 1674 2257 epi-

165 2281 299 2337 logo).
362 2278 415 2323 Ο.
439 2280 489 2323 R.
517 2281 721 2331 1239s40.
756 2279 908 2322 Trach.
932 2280 1029 2320 351.
1064 2279 1210 2328 746s7.
1245 2279 1342 2319 889.
1377 2278 1525 2326 896s7.
1559 2273 1674 2317 O.C.

169 2354 295 2395 1589.
357 2350 525 2394 Deinde
557 2349 736 2393 nuntius
768 2362 848 2403 per
878 2351 1015 2391 totam
1047 2347 1340 2390 narrationem
1372 2345 1588 2388 interdum
1622 2343 1676 2386 de

166 2425 293 2477 parte
325 2433 405 2465 sua
438 2420 575 2464 refert
607 2425 652 2464 et
683 2421 727 2463 id
759 2420 873 2474 quod
907 2431 976 2462 res
1009 2422 1261 2472 conspectas
1294 2418 1408 2460 solas
1440 2419 1590 2458 narrat
1622 2415 1676 2455 ad

124 2484 126 2486 ’
167 2496 472 2550 argumentum
516 2491 780 2535 narrationis
822 2490 966 2543 magni
1011 2487 1215 2531 momenti
1248 2491 1327 2530 est.
1391 2486 1483 2528 Hoc
1516 2485 1676 2537 optime

92 2571 96 2574 ”
167 2563 400 2607 observare
431 2574 663 2617 possumus
696 2562 739 2603 in
772 2561 838 2603 his
868 2559 1134 2613 tragoediis:
1176 2558 1219 2599 in
1253 2557 1469 2609 Antigona
1500 2554 1675 2595 nuntius

166 2636 349 2676 mortem
374 2633 619 2685 Antigonae
649 2636 694 2673 et
717 2630 950 2673 Haemonis
983 2629 1175 2671 referens
1206 2627 1351 2680 priore
1379 2628 1504 2678 parte
1527 2626 1677 2665 narrat

167 2714 215 2745 se
247 2701 478 2744 Creontem
521 2704 719 2742 secutum
752 2698 995 2752 Polynicem
1041 2697 1292 2751 sepelivisse
1325 2692 1674 2749 (1196—1205);

168 2772 323 2816 deinde
370 2783 465 2814 cum
499 2769 684 2813 Creonte
729 2770 782 2811 ad
816 2768 1061 2822 sepulcrum
1095 2767 1338 2820 Antigonae
1370 2765 1419 2808 it.
1468 2763 1516 2806 In
1549 2762 1600 2805 Ο.
1623 2762 1674 2805 R.

165 2842 345 2886 nuntius
378 2841 484 2884 nihil
517 2840 677 2882 certius
710 2838 764 2882 de
796 2842 936 2880 morte
958 2838 1152 2880 locastae
1183 2836 1347 2879 referre
1369 2837 1528 2889 potest,
1562 2833 1677 2886 quod

162 2913 393 2967 Oedipode
425 2913 597 2954 domum
630 2911 820 2952 intrante
853 2907 998 2951 oculos
1032 2909 1084 2950 ab
1118 2919 1170 2950 ea
1202 2904 1377 2950 deflexit
1409 2908 1454 2948 et
1487 2904 1675 2946 animum

152 805 271 855 loeis
297 800 542 858 Antigonae
582 816 724 846 mores
767 802 957 846 custodis
989 802 1172 856 exprimi
1213 805 1361 844 notum
1395 804 1485 843 est:
1528 804 1672 842 custos
1747 845 1749 847 ,
