1936 3276
939 292 1224 331 ..66-

344 408 577 461 tragoediis
619 419 728 460 quae
760 404 881 446 nobis
914 408 1088 457 praesto
1125 406 1225 446 sunt
1257 403 1308 445 de
1340 400 1504 456 origine
1535 403 1830 447 narrationum

338 477 564 520 et.ceteris
596 474 913 517 narrationibus
946 472 1248 517 concludentes
1276 475 1398 514 caute
1430 472 1769 525 progrediamur.

451 545 682 598 Euripides
714 543 835 586 initio
869 546 1030 585 certam
1061 542 1309 585 nuntiorum
1341 540 1524 583 formam
1557 541 1639 585 sibi
1670 541 1828 585 consti-

337 616 471 658 tuisse
503 614 674 657 videtur
701 616 749 656 ut
779 612 1185 666 catastrophas
1218 614 1317 665 post
1348 623 1546 654 scaenam
1568 610 1706 655 factas
1727 614 1828 655 ante

337 685 480 727 oculos
522 686 718 737 poneret,
762 686 853 724 tum
897 685 1043 724 autem
1087 681 1195 724 hanc
1238 680 1418 723 formam
1463 681 1595 723 etiam
1635 680 1691 723 ad
1721 679 1828 723 alias

335 753 605 796 narratIones
656 755 732 795 aut
784 751 1026 807 exponendi
1071 762 1200 793 causa
1243 753 1319 792 aut
1370 750 1580 792 actionem
1631 747 1830 793 movendi

337 835 465 866 causa
494 823 689 876 prolatas
720 821 1010 864 transtulisse.
1072 819 1160 862 Iam
1182 831 1386 861 numerus
1409 819 1512 862 mihi
1534 819 1828 862 demonstrare

337 893 510 935 videtur
532 896 693 935 certam
714 891 894 933 formam
927 889 1303 943 catastropharum
1324 889 1544 942 propriam
1564 901 1673 932 esse.
1718 889 1828 933 Nam

337 963 560 1005 duodecim
582 961 685 1004 locis
708 959 1010 1013 catastrophae
1032 957 1355 1012 tragoediarum
1379 970 1404 1000 a
1426 957 1587 1001 nuntiis
1608 957 1681 1000 illo
1703 958 1828 1001 modo

337 1035 437 1074 ante
481 1032 624 1074 oculos
667 1033 898 1084 ponuntur,
942 1029 1053 1071 aliae
1099 1031 1244 1071 autem
1285 1040 1354 1070 res
1393 1027 1555 1082 septies
1587 1027 1655 1070 vel
1685 1027 1830 1082 potius

338 1105 493 1155 quater
536 1099 873 1154 (narrationibus
916 1099 960 1140 in
991 1098 1080 1140 Alc.
1106 1098 1207 1140 Hec.
1232 1097 1304 1140 Or.
1350 1096 1584 1152 sepositis).
1644 1096 1755 1140 Nam
1786 1096 1831 1139 in

337 1171 441 1214 Hec.
474 1174 519 1213 et
551 1170 625 1214 Or.
658 1170 820 1224 (priore
862 1166 1030 1223 nuntio)
1074 1179 1143 1210 res
1175 1170 1418 1218 narrantur,
1463 1179 1642 1220 quarum
1674 1167 1839 1209 natura

337 1240 452 1283 haud
496 1239 637 1282 aliena
679 1242 745 1282 est
784 1251 809 1281 a
840 1237 1128 1291 catastrophis
1159 1240 1204 1279 et
1234 1237 1277 1278 in
1310 1236 1399 1279 Alc.
1436 1239 1513 1278 141
1532 1248 1594 1290 sq.
1638 1236 1828 1279 narratio

337 1310 402 1352 sui
439 1309 611 1362 generis
645 1311 787 1351 exstat
819 1311 868 1350 ut
898 1307 1010 1349 infra
1040 1306 1293 1361 explanabo.
1354 1305 1488 1348 Porro
1519 1317 1590 1348 ars
1626 1305 1831 1348 narrandi

338 1392 465 1432 quam
498 1378 728 1432 Euripides
770 1377 1017 1420 nuntiorum
1061 1376 1380 1419 narrationibus
1420 1375 1596 1418 adhibet
1636 1387 1711 1417 cur
1741 1378 1829 1417 tam

337 1448 507 1491 exculta
555 1451 687 1501 atque
736 1449 938 1489 accurata
989 1446 1057 1497 sit,
1111 1449 1203 1488 tum
1256 1446 1425 1488 demum
1470 1444 1748 1498 intellegitur,
1795 1443 1831 1486 si

337 1518 587 1571 Euripidem
631 1529 727 1559 eam
773 1517 827 1558 ad
870 1516 1061 1558 actiones
1107 1516 1312 1558 dramatis
1358 1527 1413 1558 sc.
1446 1515 1500 1557 ad
1531 1511 1829 1567 catastrophas

337 1587 612 1640 explicandas
658 1586 874 1628 invenisse
918 1588 1134 1639 putamus.
1195 1584 1306 1626 Nam
1347 1583 1458 1626 aliae
1502 1594 1573 1626 res
1618 1582 1830 1636 quomodo

336 1656 477 1699 factae
509 1656 595 1699 sint
625 1658 824 1698 accurate
857 1655 1095 1708 comperire
1126 1657 1419 1708 spectatorum
1451 1664 1536 1695 non
1556 1653 1751 1695 interest.
1774 1674 1828 1683 --

335 1726 502 1768 Deinde
525 1724 803 1778 catastropha
826 1724 1067 1778 ubicunque
1090 1724 1133 1766 in
1155 1722 1311 1766 fabulis
1334 1722 1579 1776 Euripideis
1609 1716 1824 1771 narratur,

338 1807 508 1848 semper
541 1808 565 1836 a
595 1795 745 1836 nuntio
778 1797 979 1836 narratur
1011 1794 1084 1847 qui
1116 1793 1406 1835 narrationem
1438 1795 1554 1834 certa
1577 1788 1712 1834 forma
1733 1803 1828 1833 con-

339 1868 509 1917 ceptam
540 1863 719 1916 profert,
751 1863 860 1905 aliae
893 1867 1037 1904 autem
1073 1874 1142 1904 res
1173 1866 1304 1914 atque
1332 1860 1635 1913 catastrophae
1655 1859 1828 1913 plerun-

339 1946 423 1986 que
470 1932 596 1974 aliter
642 1936 886 1974 narrantur.
919 1955 977 1961 ——
1020 1931 1215 1983 Denique
1262 1931 1375 1972 inter
1419 1929 1515 1971 illas
1561 1929 1830 1972 narrationes

339 2015 450 2056 quae
495 2003 539 2044 in
584 2001 675 2044 Alc.
708 2001 812 2044 Hec.
845 2001 877 2042 Ι.
901 2001 948 2042 T.
983 2000 1078 2042 Hel.
1110 1999 1266 2041 Phoen.
1300 1999 1369 2041 Or.
1403 1998 1555 2041 Bacch.
1604 1998 1710 2041 alias
1761 2010 1830 2041 res
1873 2016 1875 2018 ·

339 2076 469 2125 atque
513 2071 812 2124 catastrophas
850 2070 1110 2124 exprimunt,
1155 2081 1232 2111 eae
1264 2068 1380 2111 solae
1412 2068 1689 2111 inveniuntur
1719 2079 1830 2121 quae

338 2141 506 2194 legibus
547 2153 633 2183 non
663 2144 750 2182 tam
792 2140 922 2183 certis
963 2139 1262 2192 astringuntur
1293 2150 1420 2197 quam
1453 2137 1597 2180 nuntii>
1622 2139 1831 2181 catastro-

338 2211 543 2264 pharum,
589 2209 640 2252 cf.
675 2210 763 2251 Alc.
801 2214 957 2262 l4lsq.
1009 2209 1082 2251 ubi
1136 2208 1295 2250 famula
1350 2211 1496 2261 partes
1542 2207 1694 2249 nuntii>
1726 2206 1829 2260 agit,

341 2279 453 2331 quod
485 2278 602 2321 nulla
634 2280 719 2321 alia
749 2279 791 2320 in
823 2278 1068 2320 narratione
1101 2290 1209 2331 quae
1241 2280 1359 2320 certa
1389 2276 1525 2319 forma
1555 2289 1581 2319 a
1610 2275 1827 2319 Rassowio

339 2348 523 2401 probata
571 2347 792 2401 prefertur
827 2346 888 2388 fit.
951 2347 1130 2389 Famula
1160 2347 1343 2401 primum
1374 2358 1453 2400 per
1483 2344 1831 2398 stichomythiam

341 2416 631 2459 calamitatem
666 2415 861 2458 dominae
883 2415 953 2470 (cf.
980 2419 1074 2465 143,
1102 2416 1200 2470 146)
1233 2418 1548 2465 commemorat,
1581 2426 1673 2456 cum
1696 2413 1828 2456 ceteri

339 2485 480 2528 nuntii
512 2486 747 2539 Euripidei'
780 2485 1079 2539 stichomythia
1123 2490 1171 2527 ut
1214 2498 1305 2527 rem
1347 2484 1605 2527 narrandam
1640 2483 1831 2526 breviter

341 2555 595 2609 exprimant,
643 2568 874 2609 numquam
916 2557 1108 2610 utantur,
1155 2555 1231 2596 sed
1276 2566 1446 2607 semper
1492 2552 1660 2606 dialogo
1703 2552 1831 2595 aliter

341 2624 607 2668 conformato
658 2624 728 2679 (cf.
763 2624 910 2679 Gross).
983 2625 1018 2665 A
1055 2637 1093 2665 v.
1130 2627 1208 2665 152
1255 2623 1490 2676 longiorem
1535 2621 1830 2664 narrationem

340 2694 502 2746 incipit,
546 2695 622 2737 sed
662 2695 830 2737 initium
873 2692 997 2736 huius
1029 2693 1286 2735 narrationis
1317 2691 1419 2734 facit
1450 2704 1475 2734 a
1505 2691 1697 2744 longiore
1728 2701 1825 2744 pro-

291 2778 294 2781 ·
342 2762 478 2804 oemio
511 2765 621 2815 quod
654 2764 697 2806 in
728 2763 888 2806 nuntiis
909 2762 1155 2815 Euripideis
1178 2774 1408 2815 numquam
1429 2760 1498 2814 fit;
1531 2760 1690 2802 famula
1711 2760 1821 2802 enim

341 2831 386 2873 in
419 2830 507 2873 Alc.
542 2835 764 2876 exorditur
795 2833 847 2875 ab
879 2832 957 2874 hac
989 2833 1226 2875 sententia:
1270 2831 1450 2874 Alcestis
1482 2829 1638 2872 femina
1668 2828 1829 2882 optima

342 2904 430 2956 est;
463 2913 529 2943 vv.
556 2901 679 2944 156l7
703 2908 998 2957 transgressus
1020 2902 1075 2944 ad
1096 2902 1383 2945 narrationem
1404 2899 1474 2955 fit3
1509 2912 1574 2942 vv.
1602 2900 1829 2954 196-198
