1950 3308
361 391 510 433 modo:
543 390 710 443 pedites
734 387 940 440 bipartiti,
973 398 1135 436 currus,
1169 386 1349 439 equites.
1397 385 1511 429 Sane
1541 387 1717 431 nuntius
1746 387 1854 430 duas

360 464 506 514 partes
553 459 771 512 peditatus
817 458 861 498 in
909 468 1038 498 unum
1087 455 1343 498 contrahens
1391 456 1624 500 exercitum
1674 457 1718 500 in
1763 460 1853 500 tres

360 533 507 583 partes
553 528 732 569 divisum
776 538 870 568 esse
912 526 1051 568 dicere
1094 529 1253 578 posset,
1295 526 1369 568 sed
1413 526 1556 568 verbis
1595 528 1694 580 τρία
1733 529 1855 583 φῦλα

359 606 493 651 τριῶν
526 595 861 649 στρατευμάτων
893 595 998 638 haec
1028 594 1283 648 significatio
1314 607 1399 638 non
1429 595 1552 638 inest.
1615 594 1725 638 Nam
1752 597 1854 651 τρία

362 670 481 721 qma
512 678 596 708 non
626 666 710 708 tria
732 677 892 718 genera
913 669 1172 716 armaturae,
1205 665 1281 708 sed
1303 668 1394 707 tres
1416 677 1592 708 acervos
1614 663 1855 718 significare

360 736 558 777 videntur
602 736 715 788 quod
746 735 920 777 verbum
954 738 1101 788 φῦλον
1138 733 1351 788 significat
1383 735 1523 777 tribus
1553 737 1631 777 aut
1661 734 1854 778 homines

359 805 550 847 eiusdem
567 804 714 858 stirpis
737 804 805 846 vel
827 803 1037 855 familiae3
1061 803 1112 846 cf.
1132 803 1253 845 Hom.
1272 803 1306 845 B
1326 807 1408 846 362
1425 803 1538 857 κρῖν’
1560 804 1728 858 ἄνδρας
1746 804 1855 846 κατὰ

359 877 479 928 φῦλα
523 874 630 915 κατὰ
674 876 890 928 φρήτραςς
935 873 978 914 111
1022 873 1151 915 verbo
1197 875 1344 927 φῦλον
1387 885 1558 926 semper
1599 863 1852 928 significatio

361 943 579 997 gentilicia
609 943 721 985 inest
743 943 892 996 (etiam
915 941 1044 995 Soph.
1068 943 1166 984 Ant.
1190 944 1287 984 343.
1319 942 1450 985 Arist.
1474 943 1551 984 Av.
1578 941 1854 1002 1088111118-

358 1026 484 1066 quam
518 1011 771 1065 significatio
804 1024 914 1064 quae
945 1013 999 1053 ad
1031 1011 1223 1053 habitum
1247 1011 1315 1054 vel
1335 1015 1600 1054 armaturam
1621 1011 1852 1065 pertineat.

357 1083 591 1125 Praeterea
625 1082 974 1124 Wilamowitzius
1018 1081 1121 1124 dicit
1153 1094 1190 1123 v.
1226 1085 1305 1124 661
1351 1081 1482 1124 verba
1524 1082 1636 1136 πρὸς
1665 1080 1877 1137 κρασπέ-’

359 1153 505 1194 ὃοισιν
554 1150 854 1206 στρατοπέδου
908 1150 1173 1205 τεταγμένον
1235 1163 1320 1193 non
1380 1149 1623 1204 significare
1681 1162 1853 1193 manum

358 1225 601 1275 equestrem
646 1221 698 1263 ab
740 1225 923 1274 utroque
968 1233 1098 1263 cornu
1143 1224 1272 1262 stare.
1334 1219 1418 1263 Sed
1450 1219 1706 1274 significatio
1738 1221 1853 1264 vocis

356 1291 580 1345 κράσπεδα
623 1291 899 1333 contradicit:
949 1302 1119 1344 semper
1165 1294 1381 1332 extremas
1431 1302 1530 1332 oras
1574 1289 1753 1334 alicuius
1790 1291 1853 1334 rei

357 1360 568 1414 significat
601 1360 651 1402 cf.
684 1361 785 1402 Eur.
819 1361 932 1402 Med.
968 1363 1063 1402 524.
1127 1361 1258 1402 Arist.
1286 1360 1415 1414 Vesp.
1449 1363 1560 1412 4763
1593 1360 1766 1414 saepius
1798 1359 1852 1404 de

357 1430 625 1473 vestimentis
668 1430 955 1483 praetentatis
1001 1430 1156 1472 dicitur
1202 1430 1269 1472 vel
1317 1431 1370 1472 de
1413 1428 1568 1472 finibus
1612 1433 1851 1480 terrarum;

358 1499 409 1542 cf.
443 1500 549 1542 Xen.
584 1500 693 1543 Hell.
728 1500 798 1542 IV.
833 1503 914 1542 216
947 1499 1048 1542 Eur.
1084 1500 1183 1553 Frg.
1218 1503 1297 1542 381
1345 1500 1448 1553 (non
1488 1503 1607 1542 recte
1650 1498 1853 1543 Wilamo-

358 1570 523 1611 witzius
571 1582 623 1611 ex
669 1569 748 1611 hoc
798 1569 890 1611 loco
940 1570 1197 1611 sententiam
1248 1581 1369 1611 suam
1414 1569 1599 1623 probare
1649 1568 1850 1624 videtur).

358 1638 470 1689 Quid
500 1640 543 1681 in
575 1640 766 1681 exercitu
799 1638 1022 1692 significet,
1055 1639 1336 1681 demonstrat.
1366 1638 1475 1680 Xen.
1500 1638 1614 1681 Hell.
1633 1638 1708 1681 111.
1732 1641 1771 1681 2.
1797 1641 1848 1681 16

354 1710 457 1757 τοὺς
488 1706 536 1749 δὲ
557 1709 799 1757 πελταστὰς
821 1706 892 1750 ἐπὶ
913 1709 966 1749 τὰ
986 1708 1210 1762 κράσπεδα
1240 1706 1515 1760 ἑκατέρωθεν
1546 1709 1850 1750 καθίστασθαι

354 1776 422 1819 καὶ
457 1779 561 1826 τοὺς
593 1776 760 1827 ἱππέας.
821 1778 960 1820 Locus
991 1778 1126 1830 igitur
1145 1778 1406 1830 Euripideus
1438 1775 1510 1819 ἐπὶ
1541 1783 1634 1826 τοῖς
1662 1775 1849 1831 κρασπέ-

356 1847 502 1887 δοισιν
545 1846 648 1887 nihil
692 1847 808 1888 aliud
852 1846 1064 1899 significat
1104 1847 1185 1888 nisi
1218 1847 1328 1898 quod
1363 1846 1548 1899 ἱππότης
1580 1846 1633 1888 ab
1666 1849 1849 1899 utroque

295 1914 300 1918 ’
355 1927 485 1956 cornu
529 1918 628 1956 stat.
691 1915 748 1956 Et
779 1915 1089 1957 Wilamowitzii
1134 1915 1349 1957 sententia
1391 1915 1519 1967 plane
1559 1913 1698 1957 refelli
1729 1915 1848 1958 vide-

357 1988 428 2025 tur
462 1996 499 2025 v.
534 1986 616 2025 699

528 2051 597 2093 καὶ
632 2052 988 2106 συμπατάξαντες
1018 2051 1154 2106 μέσον
1184 2052 1327 2094 πάντα
1358 2054 1545 2107 στρατόν
1562 2052 1594 2108 1)

355 2122 429 2164 ubi
460 2122 634 2163 nuntius
667 2122 848 2163 mediam
887 2122 1018 2164 aciem
1052 2122 1077 2162 i.
1102 2134 1138 2164 e.
1171 2122 1285 2164 inter
1316 2133 1465 2164 currus
1497 2125 1542 2164 et
1574 2122 1742 2176 equites
1773 2134 1850 2176 po-

476 2238 510 2280 1)
538 2236 726 2272 Blomficld
753 2237 866 2272 metri
901 2248 1011 2272 causa
1045 2238 1190 2282 scripsit
1218 2236 1496 2282 συμπατάξαντ’
1530 2235 1567 2278 ἔς
1600 2235 1714 2283 μέσον
1746 2235 1850 2273 ratu's

354 2307 540 2331 numerum
568 2296 709 2331 dualem
735 2295 1021 2340 συμπατάξαντε
1049 2306 1097 2330 sc.
1118 2297 1235 2331 Creon
1270 2300 1308 2331 et
1333 2296 1495 2331 Theseus
1523 2298 1581 2331 hic
1605 2301 1706 2332 recte
1731 2297 1850 2333 locum

354 2359 490 2390 tenere.
542 2354 612 2389 Sed
647 2354 747 2389 duali
773 2352 969 2397 Euripides
1005 2354 1095 2388 miro
1122 2353 1227 2388 modo
1254 2354 1311 2388 hic
1338 2358 1525 2398 uteretur;
1561 2359 1756 2399 praeterea
1778 2365 1850 2399 qua

354 2415 496 2449 ratione
531 2413 575 2448 de
609 2414 676 2459 hoc
710 2417 867 2456 utroque
905 2409 1110 2446 ἑκτείνοντε
1143 2411 1214 2447 dici
1243 2413 1394 2456 potest?
1445 2411 1612 2448 ἔκτεινον
1639 2411 1849 2448 ἐκτείνοντο

354 2474 446 2509 nihil
471 2473 572 2508 aliud
607 2472 787 2517 significat
822 2477 931 2516 atque
958 2482 1115 2516 pugnam
1151 2471 1268 2506 adhuc
1295 2473 1499 2517 ambiguam
1526 2483 1606 2508 esse
1631 2472 1694 2518 (cf.
1722 2484 1753 2508 v.
1781 2474 1849 2509 683

356 2532 571 2577 κάκράτουν
595 2531 758 2577 ἡσσῶντό
778 2535 856 2577 va).
899 2531 1193 2577 συμπατάξαντα
1220 2536 1341 2567 autem
1360 2543 1430 2566 non
1451 2531 1644 2567 ferendum
1662 2535 1729 2573 est,
1755 2530 1853 2577 quod

354 2594 464 2627 verbo
492 2591 667 2627 πατάσσω
694 2603 837 2636 semper
872 2591 972 2627 notio
998 2590 1192 2625 transitiva
1226 2591 1322 2626 inest
1347 2601 1464 2635 neque
1491 2590 1731 2633 accusativus,
1770 2601 1851 2626 cum

357 2649 523 2686 ἔκτεινον
558 2649 768 2686 ἐκτείνοντο
805 2661 871 2695 pro
898 2652 970 2685 'una
996 2650 1143 2684 notione
1169 2648 1375 2684 habendum
1402 2650 1460 2692 sit,
1498 2660 1520 2684 a
1545 2649 1655 2684 verbo
1684 2646 1850 2685 ἔκτεινον

355 2710 431 2744 solo
467 2710 625 2753 pendere
661 2714 797 2755 potest.
846 2710 959 2754 Quam
986 2709 1031 2744 ob
1057 2720 1132 2743 rem
1159 2709 1310 2754 Murray
1338 2708 1587 2754 transposuit:
1623 2707 1782 2753 στρατὸν
1807 2706 1849 2744 δὲ

355 2766 481 2802 πάντα
507 2769 812 2812 συμπατάξαντες
837 2767 959 2814 μέσον.
1010 2768 1080 2804 Sed
1106 2779 1178 2802 non
1203 2771 1259 2803 est
1286 2778 1349 2803 cur
1374 2771 1563 2811 mutemus,
1591 2778 1671 2803 cum
1691 2767 1850 2803 trimetri

356 2837 508 2862 caesura
541 2828 660 2862 media
693 2829 730 2863 in
765 2828 855 2864 duas
890 2831 1014 2872 partes
1048 2827 1154 2862 divisi
1180 2848 1224 2852 —
1250 2826 1358 2872 pauci
1396 2825 1539 2870 quidem
1581 2829 1727 2862 exstant
1756 2845 1800 2852 -
1827 2836 1849 2861 a

358 2885 556 2930 tragoediis
583 2897 654 2921 non
681 2887 790 2923 alieni
815 2887 911 2932 sint;
944 2886 988 2921 cf.
1017 2886 1179 2922 Goodell.
1206 2887 1320 2923 Class.
1345 2885 1437 2920 Phil.
1463 2885 1480 2919 I
1508 2886 1573 2920 145
1584 2895 1661 2928 sqq.
