1950 3308
731 306 1021 346 —25-

298 420 434 463 διπλᾶ
465 435 517 475 με
550 418 719 476 χρῄζεις
750 418 920 473 δάκρυα
952 417 1163 473 κερδᾶναι
1195 417 1327 472 γύναι

297 497 374 547 σῆς
406 491 566 540 παιδὸς
596 490 750 546 οἴκτῳ·
782 494 867 531 νῦν
898 504 943 530 τε
975 488 1059 542 γὰρ
1092 486 1233 542 λέγων
1263 487 1376 529 κακὰ

295 561 432 616 τέγξω
463 560 544 603 τόδ
575 561 705 614 ὄμμα,
739 559 852 613 πρὸς
882 557 1008 614 τάφῳ
1045 561 1087 599 θ’
1121 557 1182 599 ὅτ’
1218 558 1402 600 ὤλλυτο.

121 631 376 687 Talthybius
411 631 546 685 igitur
576 630 671 683 ipse
715 628 819 671 dicit
851 640 897 670 se
938 631 1119 670 mortem
1153 627 1397 682 Polyxenae
1438 627 1630 671 referen-

120 707 210 748 tem
239 702 464 747 lacrimare
497 703 541 743 et
563 700 717 742 durum
740 702 893 752 pectus
917 698 1127 741 mollitum
1150 711 1245 741 esse
1261 697 1303 755 ¹).
1368 699 1630 753 Saepissime

120 773 300 819 affectus
341 770 482 815 nuntii
514 782 567 813 ex
608 769 789 823 singulis
827 769 1051 812 adiectivis
1093 770 1390 822 cognoscimus
1434 782 1544 823 quae
1576 770 1630 812 de

117 842 316 899 personis
358 841 526 884 miseris
569 840 855 883 adhibentur:
901 838 953 882 cf.
996 839 1050 882 de
1093 839 1296 881 dominis:
1347 839 1477 893 Hipp.
1519 843 1628 882 1236

3 914 79 970 5
117 910 252 964 αὐτὸς
265 911 290 956 ὁ
305 911 342 954 δ’
359 913 538 967 τλήμων
559 910 756 966 ἡνίαισιν
771 908 1021 965 ἐμπλακείς,
1041 913 1149 952 1247
1173 911 1223 952 τὸ
1241 910 1466 964 δύστηνον
1487 909 1629 965 τέρας.

116 983 206 1038 Ion.
245 986 355 1026 1225
399 983 480 1037 τὴν
523 980 692 1031 ἀθλίως
730 981 989 1023 σπεύσασαν
1021 979 1187 1023 ἀθλίαν
1218 980 1339 1023 ὁδόν.
1403 980 1507 1024 Hec.
1544 984 1625 1023 562

38 1096 42 1100 ,
117 1053 299 1096 πάντων
341 1051 698 1108 τλημονέστατον
727 1053 878 1106 λόγον.
941 1051 1101 1094 Phoen.
1140 1055 1262 1094 1430.
1310 1051 1464 1095 Bacch.
1501 1055 1625 1103 1058,

121 1127 246 1175 1126,
283 1126 408 1174 1139,
433 1118 581 1174 '11443
620 1122 674 1164 de
705 1121 801 1164 aliis
834 1123 1031 1175 personis
1063 1134 1244 1175 quarum
1277 1134 1330 1164 ex
1362 1127 1488 1175 parte
1520 1135 1628 1164 nun-

115 1193 204 1237 tius
223 1205 309 1237 non
331 1196 444 1236 stat:
469 1192 583 1236 Med.
612 1196 722 1235 1184
747 1193 772 1246 ἡ
794 1192 978 1234 τάλαινα
1001 1192 1073 1246 (de
1097 1191 1290 1246 Creusa).
1328 1195 1464 1244 11893
1501 1193 1625 1235 1204.

119 1267 244 1307 1218.
285 1263 446 1306 Phoen.
475 1266 598 1306 1414.
653 1263 805 1305 Nuntii
832 1261 1049 1305 interdum
1072 1262 1365 1305 narrationem
1387 1262 1450 1304 ita
1472 1261 1627 1305 finiunt

117 1338 167 1377 ut
198 1332 380 1378 affectus
412 1333 556 1377 verbis
597 1333 752 1376 insitus
785 1334 863 1387 sit;
906 1332 957 1374 cf.
982 1332 1096 1375 Med.
1122 1334 1235 1375 1220
1276 1338 1444 1374 κεῖνται
1478 1330 1526 1374 δὲ
1558 1348 1628 1375 νε-

115 1404 214 1460 κροὶ
235 1411 340 1454 παῖς
354 1419 400 1446 τε
418 1402 489 1446 καὶ
513 1402 658 1458 γέρων
680 1403 823 1457 πατὴρ
846 1402 993 1456 πέλας,
1027 1404 1220 1457 ποθεινὴ
1252 1403 1487 1457 δακρύοισι
1514 1414 1623 1457 συμ-

115 1474 248 1530 φορά.
311 1474 430 1518 Haec
474 1474 606 1517 verba
650 1473 799 1516 dolore
843 1476 888 1516 et
939 1473 1232 1516 misericordia
1285 1473 1408 1527 quasi
1459 1473 1626 1516 imbuta

113 1547 227 1596 sunt,
273 1544 388 1599 quod
428 1547 473 1587 et
517 1557 569 1587 ex
611 1545 753 1587 verbis
795 1544 989 1598 ποθεινὴ
1033 1544 1268 1597 δακρύοισι
1306 1544 1518 1599 συμφορά
1562 1545 1623 1586 in-

113 1613 360 1668 tellegimus
401 1619 446 1658 et
477 1618 572 1658 tota
613 1614 832 1658 sententia
865 1613 1056 1656 dolorem
1090 1614 1315 1667 exprimit:
1357 1615 1534 1657 nuntius
1567 1615 1623 1657 ad

88 1683 329 1728 ‘fortunam
362 1685 561 1728 miseram
594 1685 732 1738 patris
763 1688 808 1727 et
839 1683 952 1727 filiae
982 1684 1219 1738 respiciens
1241 1697 1451 1727 summam
1474 1686 1622 1738 paucis

109 1755 254 1798 verbis
298 1755 649 1809 comprehendit3
702 1754 815 1797 idem
861 1755 994 1797 Andr.
1031 1757 1236 1806 1159160,
1283 1755 1410 1798 Herc.
1448 1757 1621 1806 107314,

108 1825 273 1868 Phoen.
309 1826 484 1877 142314,
523 1824 681 1880 145819
716 1825 777 1878 (in
809 1823 893 1867 fine
926 1825 1096 1880 partis).
1148 1824 1220 1868 Or.
1255 1828 1403 1877 95112.
1466 1825 1514 1867 In
1548 1825 1621 1868 Or.

109 1899 193 1940 879
226 1897 404 1939 nuntius
437 1908 675 1939 maerorem
708 1908 791 1949 quo
814 1897 913 1938 dum
952 1900 1103 1938 narrat
1135 1895 1331 1946 afficitur,
1364 1897 1525 1939 indicat
1557 1896 1622 1939 his

110 1965 277 2009 verbis:
320 1965 410 2021 ὁρῶ
444 1965 486 2008 δ’
517 1965 709 2008 ἀέλπτου
741 1965 876 2020 φάσμ’
913 1965 936 2007 ὅ
968 1967 1126 2020 μήποτ’
1161 1967 1340 2021 ὤφελον
1373 1966 1424 2009 cf.
1459 1967 1620 2009 Phoen.

112 2039 246 2079 1222:
293 2037 358 2086 εἰς
402 2037 558 2079 κοινὸν
605 2030 704 2078 οἷον
743 2035 897 2090 μήποτ’
935 2037 1112 2090 ὤφελον
1145 2038 1294 2091 λόγον.
1356 2037 1546 2079 Nuntius
1579 2038 1622 2079 in

109 2105 199 2150 Ion.
225 2109 335 2150 1185
368 2118 558 2149 amorem
582 2105 772 2148 Creusae
804 2110 846 2148 et
881 2106 1217 2148 misericordiam
1259 2107 1474 2159 exprimit,
1509 2108 1623 2160 quod

111 2177 282 2219 dubitat
329 2189 383 2218 an
416 2175 580 2219 Creusa
624 2188 669 2218 re
715 2187 818 2218 vera
862 2188 1073 2218 venenum
1119 2176 1301 2227 dederit,
1349 2177 1415 2219 his
1455 2178 1621 2221 verbis:

111 2245 145 2295 ὅ
167 2257 278 2300 φασι
309 2246 470 2288 δοῦναι
512 2245 749 2300 φάρμακον
791 2246 1073 2300 δραστήριον.
1135 2246 1278 2289 Etiam
1310 2247 1354 2289 in
1386 2247 1516 2290 rebus
1550 2249 1622 2290 de-

110 2316 348 2359 scribendis
378 2315 554 2359 nuntius
586 2315 759 2369 saepius
797 2314 976 2358 affectus
1010 2317 1164 2370 quibus
1198 2322 1491 2361 commovetur
1523 2331 1622 2372 pro-

110 2385 186 2430 dit.
249 2386 376 2429 Tales
408 2386 522 2429 enim
554 2390 733 2439 questus
766 2386 1028 2433 miserrimos
1051 2387 1200 2440 quales
1223 2388 1265 2430 in
1292 2388 1422 2442 Hipp.
1450 2391 1621 2432 1240-

114 2459 224 2500 1242
265 2460 342 2499 aut
374 2455 527 2499 Bacch.
566 2459 850 2498 1118-1121
895 2457 931 2498 is
974 2458 1089 2499 solus
1130 2457 1278 2509 refert,
1325 2460 1398 2512 qui
1429 2459 1523 2512 ipse
1557 2460 1621 2501 his

110 2526 335 2580 questibus
378 2531 685 2570 commovetur.
748 2526 806 2569 Et
849 2527 1020 2569 omnino
1064 2527 1106 2568 id
1151 2529 1404 2581 saepissime
1442 2528 1621 2571 affectus

109 2596 249 2640 nuntii
289 2597 559 2640 demonstrat
600 2597 714 2650 quod
758 2598 935 2639 nuntius
976 2597 1266 2640 calamitatem
1301 2599 1622 2640 accuratissime

110 2666 337 2717 describit3
379 2666 431 2708 cf.
465 2679 501 2708 e.
527 2679 566 2719 g.
607 2667 837 2719 imaginem
881 2679 1007 2720 quam
1051 2667 1226 2710 nuntius
1270 2668 1466 2721 depingit
1507 2669 1621 2721 quod

235 2838 268 2881 1)
296 2835 342 2871 cf.
365 2834 517 2871 eandem
537 2836 756 2872 sententiam
775 2836 812 2871 in
830 2838 961 2873 Aesch.
979 2838 1099 2873 Prom.
1120 2840 1228 2882 (5423
1249 2840 1373 2874 καίτοι
1391 2838 1455 2875 καὶ
1473 2839 1615 2885 λέγουσ’

110 2895 295 2942 ὀδύρομαι
314 2897 328 2942 l}
347 2894 557 2931 θεόσσυτον
583 2901 748 2941 χειμῶνα
776 2896 839 2931 καὶ
871 2897 1108 2942 διαφθορὰν.
1160 2897 1270 2944 Soph.
1297 2899 1337 2935 O.
1354 2899 1391 2934 C.
1422 2901 1531 2943 36314
1559 2900 1618 2940 δὶς

112 2954 183 3001 γὰρ
210 2955 293 3002 οὐχὶ
319 2956 502 3003 βούλομαι
528 2961 698 2991 πονοῦσα
725 2954 752 2991 τ’
783 2956 911 3000 ἀλγεῖν
938 2956 1002 2991 καὶ
1028 2955 1168 3002 λέγουό
1197 2955 1312 2999 αὖθις
1338 2957 1465 2994 πάλιν.
