<?xml version="1.0" encoding="UTF-8"?>
<!DOCTYPE html PUBLIC "-//W3C//DTD XHTML 1.0 Transitional//EN"
    "http://www.w3.org/TR/xhtml1/DTD/xhtml1-transitional.dtd">
<html xmlns="http://www.w3.org/1999/xhtml" xml:lang="en" lang="en">
 <head>
  <title>
</title>
<meta http-equiv="Content-Type" content="text/html;charset=utf-8" />
  <meta name='ocr-system' content='tesseract 3.04.00' />
  <meta name='ocr-capabilities' content='ocr_page ocr_carea ocr_par ocr_line ocrx_word'/>
</head>
<body>
  <div class='ocr_page' id='page_1' title='image "./detragicorumatti00hennuoft_0073.png"; bbox 0 0 1936 3276; ppageno 0'>
   <div class='ocr_carea' id='block_1_1' title="bbox 0 0 219 432">
    <p class='ocr_par' dir='ltr' id='par_1_1' title="bbox 0 0 219 432">
     <span class='ocr_line' id='line_1_1' title="bbox 0 0 219 432; baseline 0 0"><span class='ocrx_word' id='word_1_1' title='bbox 0 0 219 432; x_wconf 95' lang='lat' dir='ltr'>  </span> 
     </span>
    </p>
   </div>
   <div class='ocr_carea' id='block_1_2' title="bbox 749 233 1039 273">
    <p class='ocr_par' dir='ltr' id='par_1_2' title="bbox 749 233 1039 273">
     <span class='ocr_line' id='line_1_2' title="bbox 749 233 1039 273; baseline 0.003 -12"><span class='ocrx_word' id='word_1_2' title='bbox 749 233 1039 273; x_wconf 78' lang='grc'>...67-</span> 
     </span>
    </p>
   </div>
   <div class='ocr_carea' id='block_1_3' title="bbox 58 324 1646 548">
    <p class='ocr_par' dir='ltr' id='par_1_3' title="bbox 58 324 1646 548">
     <span class='ocr_line' id='line_1_3' title="bbox 58 324 1646 403; baseline 0.006 -14"><span class='ocrx_word' id='word_1_3' title='bbox 58 324 62 327; x_wconf 92' lang='lat'>.</span> <span class='ocrx_word' id='word_1_4' title='bbox 126 344 340 403; x_wconf 39' lang='lat' dir='ltr'>‚epilogus</span> <span class='ocrx_word' id='word_1_5' title='bbox 383 346 574 399; x_wconf 84' lang='lat' dir='ltr'><strong>additur,</strong></span> <span class='ocrx_word' id='word_1_6' title='bbox 622 348 694 402; x_wconf 91' lang='lat' dir='ltr'>qui</span> <span class='ocrx_word' id='word_1_7' title='bbox 739 348 870 392; x_wconf 90' lang='lat' dir='ltr'>etiam</span> <span class='ocrx_word' id='word_1_8' title='bbox 915 349 1163 392; x_wconf 90' lang='lat' dir='ltr'>nuntiorum</span> <span class='ocrx_word' id='word_1_9' title='bbox 1211 351 1480 396; x_wconf 80' lang='lat' dir='ltr'>narrationes</span> <span class='ocrx_word' id='word_1_10' title='bbox 1524 354 1646 399; x_wconf 85' lang='lat' dir='ltr'>finire</span> 
     </span>
     <span class='ocr_line' id='line_1_4' title="bbox 138 415 1644 467; baseline 0.005 -7"><span class='ocrx_word' id='word_1_11' title='bbox 138 415 264 461; x_wconf 86' lang='lat' dir='ltr'>solet.</span> <span class='ocrx_word' id='word_1_12' title='bbox 327 416 448 462; x_wconf 86' lang='lat' dir='ltr'>Haec</span> <span class='ocrx_word' id='word_1_13' title='bbox 480 421 627 461; x_wconf 89' lang='lat' dir='ltr'>autem</span> <span class='ocrx_word' id='word_1_14' title='bbox 668 419 860 462; x_wconf 89' lang='lat' dir='ltr'>narratio</span> <span class='ocrx_word' id='word_1_15' title='bbox 894 431 918 462; x_wconf 87' lang='lat' dir='ltr'>a</span> <span class='ocrx_word' id='word_1_16' title='bbox 950 420 1108 463; x_wconf 88' lang='lat' dir='ltr'>ceteris</span> <span class='ocrx_word' id='word_1_17' title='bbox 1141 421 1271 464; x_wconf 90' lang='lat' dir='ltr'>etiam</span> <span class='ocrx_word' id='word_1_18' title='bbox 1302 422 1382 465; x_wconf 88' lang='lat' dir='ltr'>hac</span> <span class='ocrx_word' id='word_1_19' title='bbox 1413 423 1456 465; x_wconf 89' lang='lat' dir='ltr'>in</span> <span class='ocrx_word' id='word_1_20' title='bbox 1488 437 1535 466; x_wconf 87' lang='lat' dir='ltr'>re</span> <span class='ocrx_word' id='word_1_21' title='bbox 1568 426 1644 467; x_wconf 86' lang='lat' dir='ltr'>dif-</span> 
     </span>
     <span class='ocr_line' id='line_1_5' title="bbox 135 485 1645 548; baseline 0.005 -18"><span class='ocrx_word' id='word_1_22' title='bbox 135 485 235 541; x_wconf 87' lang='lat' dir='ltr'>fert,</span> <span class='ocrx_word' id='word_1_23' title='bbox 278 487 394 542; x_wconf 90' lang='lat' dir='ltr'>quod</span> <span class='ocrx_word' id='word_1_24' title='bbox 439 492 591 543; x_wconf 89' lang='lat' dir='ltr'>partes</span> <span class='ocrx_word' id='word_1_25' title='bbox 622 488 910 546; x_wconf 82' lang='lat' dir='ltr'>aequabiliter</span> <span class='ocrx_word' id='word_1_26' title='bbox 941 489 1055 532; x_wconf 91' lang='lat' dir='ltr'>inter</span> <span class='ocrx_word' id='word_1_27' title='bbox 1086 501 1132 533; x_wconf 91' lang='lat' dir='ltr'>se</span> <span class='ocrx_word' id='word_1_28' title='bbox 1164 496 1480 546; x_wconf 88' lang='lat' dir='ltr'>componuntur</span> <span class='ocrx_word' id='word_1_29' title='bbox 1494 492 1548 548; x_wconf 86' lang='lat'>¹);</span> <span class='ocrx_word' id='word_1_30' title='bbox 1594 494 1645 536; x_wconf 85' lang='lat' dir='ltr'>cf.</span> 
     </span>
    </p>
   </div>
   <div class='ocr_carea' id='block_1_4' title="bbox 49 555 1644 612">
    <p class='ocr_par' dir='ltr' id='par_1_4' title="bbox 49 555 1644 612">
     <span class='ocr_line' id='line_1_6' title="bbox 49 555 1644 612; baseline 0.004 -12"><span class='ocrx_word' id='word_1_31' title='bbox 49 555 52 558; x_wconf 81' lang='grc'><strong>’</strong></span> <span class='ocrx_word' id='word_1_32' title='bbox 94 559 101 562; x_wconf 71' lang='grc'><strong><em>’</em></strong></span> <span class='ocrx_word' id='word_1_33' title='bbox 135 559 228 601; x_wconf 88' lang='lat' dir='ltr'>tres</span> <span class='ocrx_word' id='word_1_34' title='bbox 259 561 541 612; x_wconf 88' lang='lat' dir='ltr'>septenorum</span> <span class='ocrx_word' id='word_1_35' title='bbox 573 558 803 602; x_wconf 85' lang='lat' dir='ltr'><strong>articulos:</strong></span> <span class='ocrx_word' id='word_1_36' title='bbox 840 562 1068 602; x_wconf 88' lang='lat'>156-—162</span> <span class='ocrx_word' id='word_1_37' title='bbox 1092 579 1146 596; x_wconf 92' lang='lat'><strong><em>=</em></strong></span> <span class='ocrx_word' id='word_1_38' title='bbox 1174 565 1399 605; x_wconf 85' lang='lat'>163-169</span> <span class='ocrx_word' id='word_1_39' title='bbox 1423 582 1477 598; x_wconf 95' lang='lat'><strong><em>=</em></strong></span> <span class='ocrx_word' id='word_1_40' title='bbox 1505 567 1644 607; x_wconf 88' lang='lat'>170-</span> 
     </span>
    </p>
   </div>
   <div class='ocr_carea' id='block_1_5' title="bbox 132 628 1646 896">
    <p class='ocr_par' dir='ltr' id='par_1_5' title="bbox 132 628 1646 896">
     <span class='ocr_line' id='line_1_7' title="bbox 139 628 1646 687; baseline 0.004 -17"><span class='ocrx_word' id='word_1_41' title='bbox 139 629 221 670; x_wconf 87' lang='grc'>176</span> <span class='ocrx_word' id='word_1_42' title='bbox 267 631 314 671; x_wconf 89' lang='lat' dir='ltr'>et</span> <span class='ocrx_word' id='word_1_43' title='bbox 363 628 449 671; x_wconf 90' lang='lat' dir='ltr'>duo</span> <span class='ocrx_word' id='word_1_44' title='bbox 496 639 723 672; x_wconf 86' lang='lat' dir='ltr'>senorum:</span> <span class='ocrx_word' id='word_1_45' title='bbox 774 632 1005 672; x_wconf 81' lang='lat'>177—182</span> <span class='ocrx_word' id='word_1_46' title='bbox 1038 649 1091 665; x_wconf 94' lang='lat'><strong><em>=</em></strong></span> <span class='ocrx_word' id='word_1_47' title='bbox 1130 634 1372 674; x_wconf 80' lang='lat'>183—188.</span> <span class='ocrx_word' id='word_1_48' title='bbox 1447 632 1646 687; x_wconf 90' lang='lat' dir='ltr'>Denique</span> 
     </span>
     <span class='ocr_line' id='line_1_8' title="bbox 134 697 1644 756; baseline 0.004 -16"><span class='ocrx_word' id='word_1_49' title='bbox 134 697 329 756; x_wconf 71' lang='lat' dir='ltr'>narratio</span> <span class='ocrx_word' id='word_1_50' title='bbox 358 697 404 741; x_wconf 90' lang='lat' dir='ltr'>in</span> <span class='ocrx_word' id='word_1_51' title='bbox 434 697 543 741; x_wconf 88' lang='lat' dir='ltr'>duas</span> <span class='ocrx_word' id='word_1_52' title='bbox 575 702 725 752; x_wconf 90' lang='lat' dir='ltr'>partes</span> <span class='ocrx_word' id='word_1_53' title='bbox 756 698 965 742; x_wconf 87' lang='lat' dir='ltr'>dividitur</span> <span class='ocrx_word' id='word_1_54' title='bbox 995 701 1108 754; x_wconf 91' lang='lat' dir='ltr'>quod</span> <span class='ocrx_word' id='word_1_55' title='bbox 1141 700 1302 744; x_wconf 85' lang='lat' dir='ltr'>famula</span> <span class='ocrx_word' id='word_1_56' title='bbox 1323 714 1389 744; x_wconf 87' lang='lat' dir='ltr'>vv.</span> <span class='ocrx_word' id='word_1_57' title='bbox 1415 705 1644 747; x_wconf 82' lang='lat'>201-208</span> 
     </span>
     <span class='ocr_line' id='line_1_9' title="bbox 135 767 1645 824; baseline 0.001 -10"><span class='ocrx_word' id='word_1_58' title='bbox 135 767 190 815; x_wconf 83' lang='lat' dir='ltr'>de</span> <span class='ocrx_word' id='word_1_59' title='bbox 219 767 406 811; x_wconf 86' lang='lat' dir='ltr'>Admeto</span> <span class='ocrx_word' id='word_1_60' title='bbox 450 772 613 812; x_wconf 90' lang='lat' dir='ltr'>narrat.</span> <span class='ocrx_word' id='word_1_61' title='bbox 648 793 705 798; x_wconf 94' lang='lat'>—-</span> <span class='ocrx_word' id='word_1_62' title='bbox 738 768 897 812; x_wconf 89' lang='lat' dir='ltr'>Forma</span> <span class='ocrx_word' id='word_1_63' title='bbox 942 769 1077 824; x_wconf 87' lang='lat' dir='ltr'>igitur</span> <span class='ocrx_word' id='word_1_64' title='bbox 1106 770 1233 813; x_wconf 91' lang='lat' dir='ltr'>huius</span> <span class='ocrx_word' id='word_1_65' title='bbox 1264 773 1524 815; x_wconf 83' lang='lat' dir='ltr'>narrationis</span> <span class='ocrx_word' id='word_1_66' title='bbox 1556 785 1645 816; x_wconf 90' lang='lat' dir='ltr'>om-</span> 
     </span>
     <span class='ocr_line' id='line_1_10' title="bbox 132 837 1645 896; baseline 0.003 -14"><span class='ocrx_word' id='word_1_67' title='bbox 132 837 234 882; x_wconf 85' lang='lat' dir='ltr'>nino</span> <span class='ocrx_word' id='word_1_68' title='bbox 255 849 341 881; x_wconf 93' lang='lat' dir='ltr'>non</span> <span class='ocrx_word' id='word_1_69' title='bbox 363 838 419 881; x_wconf 87' lang='lat' dir='ltr'>ad</span> <span class='ocrx_word' id='word_1_70' title='bbox 453 839 705 881; x_wconf 89' lang='lat' dir='ltr'>nuntiorum</span> <span class='ocrx_word' id='word_1_71' title='bbox 738 839 1011 883; x_wconf 84' lang='lat' dir='ltr'>narrationes</span> <span class='ocrx_word' id='word_1_72' title='bbox 1043 841 1228 894; x_wconf 82' lang='lat' dir='ltr'>quadrat</span> <span class='ocrx_word' id='word_1_73' title='bbox 1254 853 1393 896; x_wconf 90' lang='lat' dir='ltr'>neque</span> <span class='ocrx_word' id='word_1_74' title='bbox 1416 854 1510 885; x_wconf 90' lang='lat' dir='ltr'>eam</span> <span class='ocrx_word' id='word_1_75' title='bbox 1532 843 1645 886; x_wconf 87' lang='lat' dir='ltr'>inter</span> 
     </span>
    </p>
   </div>
   <div class='ocr_carea' id='block_1_6' title="bbox 0 908 1642 967">
    <p class='ocr_par' dir='ltr' id='par_1_6' title="bbox 0 908 1642 967">
     <span class='ocr_line' id='line_1_11' title="bbox 0 908 1642 967; baseline 0.004 -17"><span class='ocrx_word' id='word_1_76' title='bbox 0 922 5 934; x_wconf 64' lang='lat'>²</span> <span class='ocrx_word' id='word_1_77' title='bbox 49 940 52 942; x_wconf 87' lang='lat'>-</span> <span class='ocrx_word' id='word_1_78' title='bbox 133 919 207 953; x_wconf 81' lang='lat' dir='ltr'>eas</span> <span class='ocrx_word' id='word_1_79' title='bbox 238 908 549 952; x_wconf 83' lang='lat' dir='ltr'>numerandam</span> <span class='ocrx_word' id='word_1_80' title='bbox 584 920 680 951; x_wconf 89' lang='lat' dir='ltr'>esse</span> <span class='ocrx_word' id='word_1_81' title='bbox 712 921 866 952; x_wconf 90' lang='lat' dir='ltr'>censeo</span> <span class='ocrx_word' id='word_1_82' title='bbox 898 909 1046 966; x_wconf 87' lang='lat' dir='ltr'>(etiam</span> <span class='ocrx_word' id='word_1_83' title='bbox 1068 910 1119 953; x_wconf 88' lang='lat' dir='ltr'>R.</span> <span class='ocrx_word' id='word_1_84' title='bbox 1143 923 1237 953; x_wconf 86' lang='lat' dir='ltr'>eam</span> <span class='ocrx_word' id='word_1_85' title='bbox 1259 912 1486 967; x_wconf 84' lang='lat' dir='ltr'>neglegit).</span> <span class='ocrx_word' id='word_1_86' title='bbox 1538 912 1642 957; x_wconf 90' lang='lat' dir='ltr'>Hec.</span> 
     </span>
    </p>
   </div>
   <div class='ocr_carea' id='block_1_7' title="bbox 129 977 1643 1246">
    <p class='ocr_par' dir='ltr' id='par_1_7' title="bbox 129 977 1643 1246">
     <span class='ocr_line' id='line_1_12' title="bbox 133 977 1643 1035; baseline 0.004 -15"><span class='ocrx_word' id='word_1_87' title='bbox 133 980 294 1032; x_wconf 82' lang='lat' dir='ltr'>484sq.</span> <span class='ocrx_word' id='word_1_88' title='bbox 326 977 586 1033; x_wconf 84' lang='lat' dir='ltr'>Talthybius</span> <span class='ocrx_word' id='word_1_89' title='bbox 629 979 683 1021; x_wconf 93' lang='lat' dir='ltr'>de</span> <span class='ocrx_word' id='word_1_90' title='bbox 715 982 852 1022; x_wconf 89' lang='lat' dir='ltr'>morte</span> <span class='ocrx_word' id='word_1_91' title='bbox 885 979 1130 1035; x_wconf 88' lang='lat' dir='ltr'>Polyxenae</span> <span class='ocrx_word' id='word_1_92' title='bbox 1167 981 1318 1024; x_wconf 89' lang='lat' dir='ltr'>eodem</span> <span class='ocrx_word' id='word_1_93' title='bbox 1350 983 1476 1025; x_wconf 91' lang='lat' dir='ltr'>modo</span> <span class='ocrx_word' id='word_1_94' title='bbox 1509 982 1643 1026; x_wconf 81' lang='lat' dir='ltr'>refert</span> 
     </span>
     <span class='ocr_line' id='line_1_13' title="bbox 131 1048 1642 1106; baseline 0.003 -15"><span class='ocrx_word' id='word_1_95' title='bbox 131 1060 217 1103; x_wconf 90' lang='lat' dir='ltr'>quo</span> <span class='ocrx_word' id='word_1_96' title='bbox 234 1048 375 1092; x_wconf 90' lang='lat' dir='ltr'>nuntii</span> <span class='ocrx_word' id='word_1_97' title='bbox 391 1048 618 1103; x_wconf 87' lang='lat' dir='ltr'>Euripidei</span> <span class='ocrx_word' id='word_1_98' title='bbox 637 1049 691 1092; x_wconf 92' lang='lat' dir='ltr'>de</span> <span class='ocrx_word' id='word_1_99' title='bbox 709 1050 1002 1104; x_wconf 86' lang='lat' dir='ltr'>catastropha.</span> <span class='ocrx_word' id='word_1_100' title='bbox 1044 1050 1188 1094; x_wconf 88' lang='lat' dir='ltr'>Etiam</span> <span class='ocrx_word' id='word_1_101' title='bbox 1211 1063 1281 1095; x_wconf 90' lang='lat' dir='ltr'>res</span> <span class='ocrx_word' id='word_1_102' title='bbox 1304 1064 1414 1106; x_wconf 87' lang='lat' dir='ltr'>quae</span> <span class='ocrx_word' id='word_1_103' title='bbox 1436 1057 1642 1096; x_wconf 86' lang='lat' dir='ltr'>narratur</span> 
     </span>
     <span class='ocr_line' id='line_1_14' title="bbox 130 1117 1641 1179; baseline 0.003 -17"><span class='ocrx_word' id='word_1_104' title='bbox 130 1122 176 1165; x_wconf 84' lang='lat' dir='ltr'>et</span> <span class='ocrx_word' id='word_1_105' title='bbox 207 1130 292 1174; x_wconf 91' lang='lat' dir='ltr'>quo</span> <span class='ocrx_word' id='word_1_106' title='bbox 322 1117 501 1162; x_wconf 87' lang='lat' dir='ltr'>fabulae</span> <span class='ocrx_word' id='word_1_107' title='bbox 534 1119 627 1162; x_wconf 91' lang='lat' dir='ltr'>loco</span> <span class='ocrx_word' id='word_1_108' title='bbox 650 1119 705 1162; x_wconf 90' lang='lat' dir='ltr'>ad</span> <span class='ocrx_word' id='word_1_109' title='bbox 735 1119 814 1163; x_wconf 89' lang='lat' dir='ltr'>has</span> <span class='ocrx_word' id='word_1_110' title='bbox 836 1121 1110 1164; x_wconf 86' lang='lat' dir='ltr'>narrationes</span> <span class='ocrx_word' id='word_1_111' title='bbox 1142 1122 1340 1175; x_wconf 88' lang='lat' dir='ltr'>quadrat.</span> <span class='ocrx_word' id='word_1_112' title='bbox 1388 1121 1488 1179; x_wconf 15' lang='lat' dir='ltr'>‘Sed</span> <span class='ocrx_word' id='word_1_113' title='bbox 1519 1123 1641 1166; x_wconf 91' lang='lat' dir='ltr'>initio</span> 
     </span>
     <span class='ocr_line' id='line_1_15' title="bbox 129 1189 1641 1246; baseline 0.003 -14"><span class='ocrx_word' id='word_1_114' title='bbox 129 1191 222 1233; x_wconf 85' lang='lat' dir='ltr'>tres</span> <span class='ocrx_word' id='word_1_115' title='bbox 265 1201 417 1233; x_wconf 88' lang='lat' dir='ltr'>versus</span> <span class='ocrx_word' id='word_1_116' title='bbox 461 1189 523 1232; x_wconf 91' lang='lat' dir='ltr'>ita</span> <span class='ocrx_word' id='word_1_117' title='bbox 566 1190 799 1243; x_wconf 88' lang='lat' dir='ltr'>adduntur,</span> <span class='ocrx_word' id='word_1_118' title='bbox 845 1194 894 1233; x_wconf 94' lang='lat' dir='ltr'>ut</span> <span class='ocrx_word' id='word_1_119' title='bbox 939 1191 1131 1234; x_wconf 88' lang='lat' dir='ltr'>narratio</span> <span class='ocrx_word' id='word_1_120' title='bbox 1169 1204 1254 1234; x_wconf 92' lang='lat' dir='ltr'>non</span> <span class='ocrx_word' id='word_1_121' title='bbox 1286 1192 1340 1235; x_wconf 90' lang='lat' dir='ltr'>ab</span> <span class='ocrx_word' id='word_1_122' title='bbox 1372 1192 1478 1246; x_wconf 87' lang='lat' dir='ltr'>ipsis</span> <span class='ocrx_word' id='word_1_123' title='bbox 1510 1194 1641 1241; x_wconf 88' lang='lat' dir='ltr'>rebus</span> 
     </span>
    </p>
   </div>
   <div class='ocr_carea' id='block_1_8' title="bbox 18 1246 1641 1317">
    <p class='ocr_par' dir='ltr' id='par_1_8' title="bbox 18 1246 1641 1317">
     <span class='ocr_line' id='line_1_16' title="bbox 18 1246 1641 1317; baseline 0.002 -15"><span class='ocrx_word' id='word_1_124' title='bbox 18 1246 20 1251; x_wconf 52' lang='grc'>’</span> <span class='ocrx_word' id='word_1_125' title='bbox 96 1259 322 1314; x_wconf 22' lang='lat' dir='ltr'>*incipiat</span> <span class='ocrx_word' id='word_1_126' title='bbox 384 1259 420 1302; x_wconf 90' lang='grc' dir='ltr'>Ι.</span> <span class='ocrx_word' id='word_1_127' title='bbox 438 1259 486 1302; x_wconf 94' lang='grc' dir='ltr'>Τ.</span> <span class='ocrx_word' id='word_1_128' title='bbox 522 1263 682 1314; x_wconf 85' lang='lat' dir='ltr'>237sq.</span> <span class='ocrx_word' id='word_1_129' title='bbox 729 1260 940 1304; x_wconf 91' lang='lat' dir='ltr'>bubulcus</span> <span class='ocrx_word' id='word_1_130' title='bbox 989 1273 1036 1304; x_wconf 89' lang='lat' dir='ltr'>se</span> <span class='ocrx_word' id='word_1_131' title='bbox 1082 1261 1190 1304; x_wconf 91' lang='lat' dir='ltr'>duos</span> <span class='ocrx_word' id='word_1_132' title='bbox 1238 1261 1427 1305; x_wconf 87' lang='lat' dir='ltr'>Graecos</span> <span class='ocrx_word' id='word_1_133' title='bbox 1475 1263 1641 1317; x_wconf 89' lang='lat' dir='ltr'>cepisse</span> 
     </span>
    </p>
   </div>
   <div class='ocr_carea' id='block_1_9' title="bbox 121 1329 1640 2717">
    <p class='ocr_par' dir='ltr' id='par_1_9' title="bbox 121 1329 1640 2717">
     <span class='ocr_line' id='line_1_17' title="bbox 128 1329 1639 1388; baseline 0.002 -15"><span class='ocrx_word' id='word_1_134' title='bbox 128 1333 280 1374; x_wconf 84' lang='lat' dir='ltr'>narrat</span> <span class='ocrx_word' id='word_1_135' title='bbox 310 1329 440 1384; x_wconf 85' lang='lat' dir='ltr'>plane</span> <span class='ocrx_word' id='word_1_136' title='bbox 473 1330 623 1373; x_wconf 91' lang='lat' dir='ltr'>eodem</span> <span class='ocrx_word' id='word_1_137' title='bbox 649 1331 775 1373; x_wconf 91' lang='lat' dir='ltr'>modo</span> <span class='ocrx_word' id='word_1_138' title='bbox 806 1343 889 1385; x_wconf 92' lang='lat' dir='ltr'>quo</span> <span class='ocrx_word' id='word_1_139' title='bbox 912 1331 1053 1374; x_wconf 90' lang='lat' dir='ltr'>nuntii</span> <span class='ocrx_word' id='word_1_140' title='bbox 1076 1331 1302 1386; x_wconf 90' lang='lat' dir='ltr'>Euripidei</span> <span class='ocrx_word' id='word_1_141' title='bbox 1324 1333 1639 1388; x_wconf 87' lang='lat' dir='ltr'>catastrophas.</span> 
     </span>
     <span class='ocr_line' id='line_1_18' title="bbox 127 1398 1639 1455; baseline 0.003 -13"><span class='ocrx_word' id='word_1_142' title='bbox 127 1398 211 1442; x_wconf 91' lang='lat' dir='ltr'>Hic</span> <span class='ocrx_word' id='word_1_143' title='bbox 241 1403 390 1443; x_wconf 90' lang='lat' dir='ltr'>autem</span> <span class='ocrx_word' id='word_1_144' title='bbox 419 1400 601 1443; x_wconf 91' lang='lat' dir='ltr'>nuntius</span> <span class='ocrx_word' id='word_1_145' title='bbox 633 1412 719 1443; x_wconf 91' lang='lat' dir='ltr'>non</span> <span class='ocrx_word' id='word_1_146' title='bbox 749 1400 906 1444; x_wconf 86' lang='lat' dir='ltr'>affectu</span> <span class='ocrx_word' id='word_1_147' title='bbox 940 1401 1084 1455; x_wconf 90' lang='lat' dir='ltr'>aliquo</span> <span class='ocrx_word' id='word_1_148' title='bbox 1116 1404 1354 1445; x_wconf 90' lang='lat' dir='ltr'>commotus</span> <span class='ocrx_word' id='word_1_149' title='bbox 1375 1403 1418 1444; x_wconf 92' lang='lat' dir='ltr'>in</span> <span class='ocrx_word' id='word_1_150' title='bbox 1441 1415 1639 1446; x_wconf 85' lang='lat' dir='ltr'>scaenam</span> 
     </span>
     <span class='ocr_line' id='line_1_19' title="bbox 127 1469 1640 1525; baseline 0 -10"><span class='ocrx_word' id='word_1_151' title='bbox 127 1469 260 1522; x_wconf 66' lang='lat' dir='ltr'>venit,</span> <span class='ocrx_word' id='word_1_152' title='bbox 292 1470 371 1513; x_wconf 88' lang='lat' dir='ltr'>sed</span> <span class='ocrx_word' id='word_1_153' title='bbox 401 1470 635 1514; x_wconf 88' lang='lat' dir='ltr'>nuntiandi</span> <span class='ocrx_word' id='word_1_154' title='bbox 679 1483 817 1514; x_wconf 88' lang='lat' dir='ltr'>causa.</span> <span class='ocrx_word' id='word_1_155' title='bbox 877 1471 926 1513; x_wconf 93' lang='lat' dir='ltr'>In</span> <span class='ocrx_word' id='word_1_156' title='bbox 960 1470 1054 1514; x_wconf 89' lang='lat' dir='ltr'>Hel.</span> <span class='ocrx_word' id='word_1_157' title='bbox 1091 1474 1172 1514; x_wconf 84' lang='lat'>597</span> <span class='ocrx_word' id='word_1_158' title='bbox 1189 1483 1250 1525; x_wconf 81' lang='lat' dir='ltr'>sq.</span> <span class='ocrx_word' id='word_1_159' title='bbox 1283 1472 1460 1515; x_wconf 90' lang='lat' dir='ltr'>nuntius</span> <span class='ocrx_word' id='word_1_160' title='bbox 1491 1485 1640 1516; x_wconf 86' lang='lat' dir='ltr'>narra-</span> 
     </span>
     <span class='ocr_line' id='line_1_20' title="bbox 127 1539 1637 1596; baseline 0.001 -12"><span class='ocrx_word' id='word_1_161' title='bbox 127 1539 290 1584; x_wconf 82' lang='lat' dir='ltr'>tionem</span> <span class='ocrx_word' id='word_1_162' title='bbox 322 1543 372 1583; x_wconf 93' lang='lat' dir='ltr'>ut</span> <span class='ocrx_word' id='word_1_163' title='bbox 402 1541 535 1584; x_wconf 89' lang='lat' dir='ltr'>ceteri</span> <span class='ocrx_word' id='word_1_164' title='bbox 569 1540 711 1584; x_wconf 92' lang='lat' dir='ltr'>nuntii</span> <span class='ocrx_word' id='word_1_165' title='bbox 743 1541 970 1596; x_wconf 88' lang='lat' dir='ltr'>Euripidei</span> <span class='ocrx_word' id='word_1_166' title='bbox 1001 1541 1204 1584; x_wconf 88' lang='lat' dir='ltr'>instituit.</span> <span class='ocrx_word' id='word_1_167' title='bbox 1266 1541 1331 1584; x_wconf 91' lang='lat' dir='ltr'>Ne</span> <span class='ocrx_word' id='word_1_168' title='bbox 1363 1542 1432 1585; x_wconf 91' lang='lat' dir='ltr'>hic</span> <span class='ocrx_word' id='word_1_169' title='bbox 1464 1543 1637 1596; x_wconf 90' lang='lat' dir='ltr'>quidem</span> 
     </span>
     <span class='ocr_line' id='line_1_21' title="bbox 125 1609 1634 1666; baseline 0.001 -12"><span class='ocrx_word' id='word_1_170' title='bbox 125 1609 259 1654; x_wconf 88' lang='lat' dir='ltr'>rebus</span> <span class='ocrx_word' id='word_1_171' title='bbox 280 1621 388 1664; x_wconf 89' lang='lat' dir='ltr'>quas</span> <span class='ocrx_word' id='word_1_172' title='bbox 409 1614 561 1654; x_wconf 87' lang='lat' dir='ltr'>narrat</span> <span class='ocrx_word' id='word_1_173' title='bbox 584 1614 890 1654; x_wconf 90' lang='lat' dir='ltr'>commovetur.-</span> <span class='ocrx_word' id='word_1_174' title='bbox 953 1611 1189 1654; x_wconf 86' lang='lat' dir='ltr'>Praeterea</span> <span class='ocrx_word' id='word_1_175' title='bbox 1211 1610 1383 1666; x_wconf 87' lang='lat' dir='ltr'>epilogo</span> <span class='ocrx_word' id='word_1_176' title='bbox 1407 1615 1634 1656; x_wconf 88' lang='grc'>616-621</span> 
     </span>
     <span class='ocr_line' id='line_1_22' title="bbox 124 1680 1637 1736; baseline 0.001 -12"><span class='ocrx_word' id='word_1_177' title='bbox 124 1680 210 1724; x_wconf 86' lang='lat' dir='ltr'>alia</span> <span class='ocrx_word' id='word_1_178' title='bbox 256 1683 326 1724; x_wconf 89' lang='lat' dir='ltr'>est</span> <span class='ocrx_word' id='word_1_179' title='bbox 371 1681 590 1726; x_wconf 87' lang='lat' dir='ltr'>sententia</span> <span class='ocrx_word' id='word_1_180' title='bbox 626 1685 758 1736; x_wconf 89' lang='lat' dir='ltr'>atque</span> <span class='ocrx_word' id='word_1_181' title='bbox 806 1681 979 1736; x_wconf 89' lang='lat' dir='ltr'>epilogo</span> <span class='ocrx_word' id='word_1_182' title='bbox 1033 1681 1327 1724; x_wconf 88' lang='lat' dir='ltr'>narrationum</span> <span class='ocrx_word' id='word_1_183' title='bbox 1373 1683 1637 1726; x_wconf 86' lang='lat' dir='ltr'>nuntiorum.</span> 
     </span>
     <span class='ocr_line' id='line_1_23' title="bbox 125 1750 1635 1806; baseline 0.001 -12"><span class='ocrx_word' id='word_1_184' title='bbox 125 1750 238 1794; x_wconf 86' lang='lat' dir='ltr'>Nam</span> <span class='ocrx_word' id='word_1_185' title='bbox 269 1763 364 1794; x_wconf 91' lang='lat' dir='ltr'>cum</span> <span class='ocrx_word' id='word_1_186' title='bbox 396 1751 538 1794; x_wconf 90' lang='lat' dir='ltr'>nuntii</span> <span class='ocrx_word' id='word_1_187' title='bbox 569 1750 751 1806; x_wconf 91' lang='lat' dir='ltr'>epilogis</span> <span class='ocrx_word' id='word_1_188' title='bbox 781 1752 826 1794; x_wconf 92' lang='lat' dir='ltr'>id</span> <span class='ocrx_word' id='word_1_189' title='bbox 858 1752 973 1805; x_wconf 89' lang='lat' dir='ltr'>quod</span> <span class='ocrx_word' id='word_1_190' title='bbox 1006 1752 1059 1794; x_wconf 91' lang='lat' dir='ltr'>de</span> <span class='ocrx_word' id='word_1_191' title='bbox 1082 1752 1212 1794; x_wconf 91' lang='lat' dir='ltr'>rebus</span> <span class='ocrx_word' id='word_1_192' title='bbox 1233 1752 1420 1795; x_wconf 87' lang='lat' dir='ltr'>narratis</span> <span class='ocrx_word' id='word_1_193' title='bbox 1442 1753 1635 1796; x_wconf 87' lang='lat' dir='ltr'>sentiunt</span> 
     </span>
     <span class='ocr_line' id='line_1_24' title="bbox 125 1820 1637 1876; baseline 0.001 -12"><span class='ocrx_word' id='word_1_194' title='bbox 125 1824 172 1865; x_wconf 89' lang='lat' dir='ltr'>et</span> <span class='ocrx_word' id='word_1_195' title='bbox 202 1820 397 1875; x_wconf 85' lang='lat' dir='ltr'>cogitant</span> <span class='ocrx_word' id='word_1_196' title='bbox 425 1821 683 1876; x_wconf 83' lang='lat' dir='ltr'>exprimant,</span> <span class='ocrx_word' id='word_1_197' title='bbox 720 1821 896 1864; x_wconf 90' lang='lat' dir='ltr'>nuntius</span> <span class='ocrx_word' id='word_1_198' title='bbox 928 1822 971 1864; x_wconf 93' lang='lat' dir='ltr'>in</span> <span class='ocrx_word' id='word_1_199' title='bbox 994 1821 1092 1864; x_wconf 89' lang='lat' dir='ltr'>Hel.</span> <span class='ocrx_word' id='word_1_200' title='bbox 1125 1821 1296 1876; x_wconf 91' lang='lat' dir='ltr'>epilogo</span> <span class='ocrx_word' id='word_1_201' title='bbox 1328 1834 1475 1864; x_wconf 88' lang='lat' dir='ltr'>veram</span> <span class='ocrx_word' id='word_1_202' title='bbox 1506 1822 1637 1865; x_wconf 91' lang='lat' dir='ltr'>Hele-</span> 
     </span>
     <span class='ocr_line' id='line_1_25' title="bbox 121 1891 1636 1946; baseline 0.001 -12"><span class='ocrx_word' id='word_1_203' title='bbox 121 1902 238 1945; x_wconf 80' lang='lat' dir='ltr'>nam,</span> <span class='ocrx_word' id='word_1_204' title='bbox 283 1903 394 1946; x_wconf 88' lang='lat' dir='ltr'>quae</span> <span class='ocrx_word' id='word_1_205' title='bbox 436 1894 616 1946; x_wconf 90' lang='lat' dir='ltr'>praesto</span> <span class='ocrx_word' id='word_1_206' title='bbox 657 1894 737 1945; x_wconf 87' lang='lat' dir='ltr'>est,</span> <span class='ocrx_word' id='word_1_207' title='bbox 770 1891 979 1945; x_wconf 88' lang='lat' dir='ltr'>agnoscit.</span> <span class='ocrx_word' id='word_1_208' title='bbox 1042 1891 1203 1933; x_wconf 89' lang='lat' dir='ltr'>Phoen.</span> <span class='ocrx_word' id='word_1_209' title='bbox 1240 1894 1427 1945; x_wconf 89' lang='lat' dir='ltr'>1219sq.</span> <span class='ocrx_word' id='word_1_210' title='bbox 1460 1892 1636 1936; x_wconf 92' lang='lat' dir='ltr'>nuntius</span> 
     </span>
     <span class='ocr_line' id='line_1_26' title="bbox 125 1959 1634 2006; baseline 0 -1"><span class='ocrx_word' id='word_1_211' title='bbox 125 1961 180 2005; x_wconf 86' lang='lat' dir='ltr'>de</span> <span class='ocrx_word' id='word_1_212' title='bbox 231 1961 464 2006; x_wconf 87' lang='lat' dir='ltr'>certamine</span> <span class='ocrx_word' id='word_1_213' title='bbox 517 1961 702 2004; x_wconf 87' lang='lat' dir='ltr'>fratrum</span> <span class='ocrx_word' id='word_1_214' title='bbox 753 1960 954 2005; x_wconf 89' lang='lat' dir='ltr'>incohato</span> <span class='ocrx_word' id='word_1_215' title='bbox 1006 1959 1198 2004; x_wconf 90' lang='lat' dir='ltr'>referens</span> <span class='ocrx_word' id='word_1_216' title='bbox 1247 1973 1311 2003; x_wconf 86' lang='lat' dir='ltr'>vv.</span> <span class='ocrx_word' id='word_1_217' title='bbox 1348 1964 1634 2005; x_wconf 82' lang='lat'>1219—1223</span> 
     </span>
     <span class='ocr_line' id='line_1_27' title="bbox 123 2030 1632 2085; baseline -0.003 -9"><span class='ocrx_word' id='word_1_218' title='bbox 123 2043 334 2076; x_wconf 85' lang='lat' dir='ltr'>summam</span> <span class='ocrx_word' id='word_1_219' title='bbox 366 2030 630 2075; x_wconf 86' lang='lat' dir='ltr'>narrationis</span> <span class='ocrx_word' id='word_1_220' title='bbox 652 2031 920 2085; x_wconf 91' lang='lat' dir='ltr'>insequentis</span> <span class='ocrx_word' id='word_1_221' title='bbox 942 2030 1035 2073; x_wconf 92' lang='lat' dir='ltr'>loco</span> <span class='ocrx_word' id='word_1_222' title='bbox 1057 2030 1266 2085; x_wconf 88' lang='lat' dir='ltr'>prooemii</span> <span class='ocrx_word' id='word_1_223' title='bbox 1288 2031 1632 2084; x_wconf 87' lang='lat' dir='ltr'>comprehendit;</span> 
     </span>
     <span class='ocr_line' id='line_1_28' title="bbox 122 2100 1634 2155; baseline -0.002 -10"><span class='ocrx_word' id='word_1_224' title='bbox 122 2114 191 2146; x_wconf 88' lang='lat' dir='ltr'>vv.</span> <span class='ocrx_word' id='word_1_225' title='bbox 213 2105 505 2146; x_wconf 83' lang='lat'>1259—1264</span> <span class='ocrx_word' id='word_1_226' title='bbox 538 2101 758 2155; x_wconf 89' lang='lat' dir='ltr'>epilogum</span> <span class='ocrx_word' id='word_1_227' title='bbox 790 2100 923 2143; x_wconf 88' lang='lat' dir='ltr'>addit.</span> <span class='ocrx_word' id='word_1_228' title='bbox 978 2100 1027 2142; x_wconf 94' lang='lat' dir='ltr'>In</span> <span class='ocrx_word' id='word_1_229' title='bbox 1059 2100 1230 2155; x_wconf 88' lang='lat' dir='ltr'>dialogo</span> <span class='ocrx_word' id='word_1_230' title='bbox 1253 2101 1489 2143; x_wconf 89' lang='lat' dir='ltr'>narrationi</span> <span class='ocrx_word' id='word_1_231' title='bbox 1511 2113 1634 2154; x_wconf 83' lang='lat' dir='ltr'>prae-</span> 
     </span>
     <span class='ocr_line' id='line_1_29' title="bbox 123 2170 1632 2225; baseline -0.001 -9"><span class='ocrx_word' id='word_1_232' title='bbox 123 2172 256 2216; x_wconf 84' lang='lat' dir='ltr'>misso</span> <span class='ocrx_word' id='word_1_233' title='bbox 296 2171 476 2214; x_wconf 92' lang='lat' dir='ltr'>nuntius</span> <span class='ocrx_word' id='word_1_234' title='bbox 521 2171 636 2225; x_wconf 90' lang='lat' dir='ltr'>quod</span> <span class='ocrx_word' id='word_1_235' title='bbox 668 2170 771 2224; x_wconf 88' lang='lat' dir='ltr'>quid</span> <span class='ocrx_word' id='word_1_236' title='bbox 804 2170 857 2212; x_wconf 89' lang='lat' dir='ltr'>de</span> <span class='ocrx_word' id='word_1_237' title='bbox 891 2182 939 2212; x_wconf 90' lang='lat' dir='ltr'>re</span> <span class='ocrx_word' id='word_1_238' title='bbox 971 2170 1209 2214; x_wconf 87' lang='lat' dir='ltr'>nuntianda</span> <span class='ocrx_word' id='word_1_239' title='bbox 1241 2171 1401 2214; x_wconf 87' lang='lat' dir='ltr'>sentiat</span> <span class='ocrx_word' id='word_1_240' title='bbox 1434 2171 1632 2225; x_wconf 88' lang='lat' dir='ltr'>explicat,</span> 
     </span>
     <span class='ocr_line' id='line_1_30' title="bbox 122 2238 1633 2295; baseline -0.001 -9"><span class='ocrx_word' id='word_1_241' title='bbox 122 2242 417 2286; x_wconf 87' lang='lat' dir='ltr'>narrationem</span> <span class='ocrx_word' id='word_1_242' title='bbox 468 2244 720 2295; x_wconf 86' lang='lat' dir='ltr'>praeparat.</span> <span class='ocrx_word' id='word_1_243' title='bbox 784 2238 858 2283; x_wconf 89' lang='lat' dir='ltr'>Or.</span> <span class='ocrx_word' id='word_1_244' title='bbox 892 2243 1122 2283; x_wconf 83' lang='lat'>852—956</span> <span class='ocrx_word' id='word_1_245' title='bbox 1175 2242 1351 2283; x_wconf 91' lang='lat' dir='ltr'>nuntius</span> <span class='ocrx_word' id='word_1_246' title='bbox 1402 2244 1451 2283; x_wconf 94' lang='lat' dir='ltr'>ut</span> <span class='ocrx_word' id='word_1_247' title='bbox 1498 2242 1633 2284; x_wconf 88' lang='lat' dir='ltr'>ceteri</span> 
     </span>
     <span class='ocr_line' id='line_1_31' title="bbox 121 2309 1633 2367; baseline -0.001 -11"><span class='ocrx_word' id='word_1_248' title='bbox 121 2312 264 2356; x_wconf 87' lang='lat' dir='ltr'>nuntii</span> <span class='ocrx_word' id='word_1_249' title='bbox 306 2311 532 2367; x_wconf 84' lang='lat' dir='ltr'>Euripidei</span> <span class='ocrx_word' id='word_1_250' title='bbox 578 2313 741 2354; x_wconf 90' lang='lat' dir='ltr'>narrat.</span> <span class='ocrx_word' id='word_1_251' title='bbox 810 2309 965 2353; x_wconf 89' lang='lat' dir='ltr'>Bacch.</span> <span class='ocrx_word' id='word_1_252' title='bbox 1000 2313 1084 2353; x_wconf 90' lang='grc'>660</span> <span class='ocrx_word' id='word_1_253' title='bbox 1099 2322 1163 2364; x_wconf 87' lang='lat' dir='ltr'>sq.</span> <span class='ocrx_word' id='word_1_254' title='bbox 1210 2311 1447 2353; x_wconf 87' lang='lat' dir='ltr'>narrationi</span> <span class='ocrx_word' id='word_1_255' title='bbox 1492 2311 1633 2354; x_wconf 91' lang='lat' dir='ltr'>nuntii</span> 
     </span>
     <span class='ocr_line' id='line_1_32' title="bbox 122 2380 1632 2435; baseline -0.002 -8"><span class='ocrx_word' id='word_1_256' title='bbox 122 2383 177 2427; x_wconf 86' lang='lat' dir='ltr'>de</span> <span class='ocrx_word' id='word_1_257' title='bbox 207 2381 390 2426; x_wconf 88' lang='lat' dir='ltr'>Bacchis</span> <span class='ocrx_word' id='word_1_258' title='bbox 433 2381 584 2425; x_wconf 87' lang='lat' dir='ltr'>eadem</span> <span class='ocrx_word' id='word_1_259' title='bbox 628 2380 767 2424; x_wconf 89' lang='lat' dir='ltr'>forma</span> <span class='ocrx_word' id='word_1_260' title='bbox 809 2384 876 2423; x_wconf 90' lang='lat' dir='ltr'>est</span> <span class='ocrx_word' id='word_1_261' title='bbox 909 2392 1020 2434; x_wconf 89' lang='lat' dir='ltr'>quae</span> <span class='ocrx_word' id='word_1_262' title='bbox 1050 2381 1289 2423; x_wconf 86' lang='lat' dir='ltr'>narrationi</span> <span class='ocrx_word' id='word_1_263' title='bbox 1326 2380 1632 2435; x_wconf 88' lang='lat' dir='ltr'>catastrophae</span> 
     </span>
     <span class='ocr_line' id='line_1_33' title="bbox 121 2449 1630 2507; baseline -0.003 -11"><span class='ocrx_word' id='word_1_264' title='bbox 121 2465 161 2502; x_wconf 75' lang='lat' dir='ltr'>v.</span> <span class='ocrx_word' id='word_1_265' title='bbox 198 2455 382 2507; x_wconf 90' lang='lat' dir='ltr'>1032sq.</span> <span class='ocrx_word' id='word_1_266' title='bbox 445 2451 566 2495; x_wconf 91' lang='lat' dir='ltr'>Haec</span> <span class='ocrx_word' id='word_1_267' title='bbox 599 2454 746 2494; x_wconf 90' lang='lat' dir='ltr'>autem</span> <span class='ocrx_word' id='word_1_268' title='bbox 767 2450 960 2493; x_wconf 89' lang='lat' dir='ltr'>narratio</span> <span class='ocrx_word' id='word_1_269' title='bbox 991 2461 1076 2492; x_wconf 91' lang='lat' dir='ltr'>non</span> <span class='ocrx_word' id='word_1_270' title='bbox 1106 2449 1348 2504; x_wconf 90' lang='lat' dir='ltr'>episodium</span> <span class='ocrx_word' id='word_1_271' title='bbox 1380 2462 1535 2492; x_wconf 87' lang='lat' dir='ltr'>novum</span> <span class='ocrx_word' id='word_1_272' title='bbox 1568 2451 1630 2492; x_wconf 90' lang='lat' dir='ltr'>in-</span> 
     </span>
     <span class='ocr_line' id='line_1_34' title="bbox 122 2518 1630 2579; baseline -0.005 -11"><span class='ocrx_word' id='word_1_273' title='bbox 122 2523 241 2579; x_wconf 86' lang='lat' dir='ltr'>cipit,</span> <span class='ocrx_word' id='word_1_274' title='bbox 274 2523 353 2568; x_wconf 87' lang='lat' dir='ltr'>sed</span> <span class='ocrx_word' id='word_1_275' title='bbox 383 2522 563 2566; x_wconf 90' lang='lat' dir='ltr'>nuntius</span> <span class='ocrx_word' id='word_1_276' title='bbox 594 2521 735 2565; x_wconf 91' lang='lat' dir='ltr'>medio</span> <span class='ocrx_word' id='word_1_277' title='bbox 775 2520 819 2563; x_wconf 90' lang='lat' dir='ltr'>in</span> <span class='ocrx_word' id='word_1_278' title='bbox 847 2524 946 2563; x_wconf 89' lang='lat' dir='ltr'>actu</span> <span class='ocrx_word' id='word_1_279' title='bbox 978 2519 1175 2574; x_wconf 89' lang='lat' dir='ltr'>procedit</span> <span class='ocrx_word' id='word_1_280' title='bbox 1206 2518 1272 2575; x_wconf 93' lang='lat' dir='ltr'>(ut</span> <span class='ocrx_word' id='word_1_281' title='bbox 1304 2520 1424 2573; x_wconf 88' lang='lat' dir='ltr'>prior</span> <span class='ocrx_word' id='word_1_282' title='bbox 1456 2519 1630 2561; x_wconf 89' lang='lat' dir='ltr'>nuntius</span> 
     </span>
     <span class='ocr_line' id='line_1_35' title="bbox 121 2588 1630 2652; baseline -0.004 -15"><span class='ocrx_word' id='word_1_283' title='bbox 121 2592 166 2638; x_wconf 90' lang='lat' dir='ltr'>in</span> <span class='ocrx_word' id='word_1_284' title='bbox 196 2593 398 2647; x_wconf 84' lang='lat' dir='ltr'>Helena).</span> <span class='ocrx_word' id='word_1_285' title='bbox 431 2617 487 2623; x_wconf 90' lang='lat'>—</span> <span class='ocrx_word' id='word_1_286' title='bbox 521 2592 639 2634; x_wconf 90' lang='lat' dir='ltr'>Idem</span> <span class='ocrx_word' id='word_1_287' title='bbox 681 2603 752 2634; x_wconf 91' lang='lat' dir='ltr'>ars</span> <span class='ocrx_word' id='word_1_288' title='bbox 792 2590 998 2633; x_wconf 85' lang='lat' dir='ltr'>narrandi</span> <span class='ocrx_word' id='word_1_289' title='bbox 1032 2589 1311 2631; x_wconf 88' lang='lat' dir='ltr'>demonstrat.</span> <span class='ocrx_word' id='word_1_290' title='bbox 1373 2588 1483 2652; x_wconf 85' lang='lat' dir='ltr'>Nam</span> <span class='ocrx_word' id='word_1_291' title='bbox 1516 2588 1630 2641; x_wconf 90' lang='lat' dir='ltr'>quod</span> 
     </span>
     <span class='ocr_line' id='line_1_36' title="bbox 122 2657 1629 2717; baseline -0.003 -11"><span class='ocrx_word' id='word_1_292' title='bbox 122 2675 256 2717; x_wconf 85' lang='lat' dir='ltr'>supra</span> <span class='ocrx_word' id='word_1_293' title='bbox 287 2661 599 2716; x_wconf 87' lang='lat' dir='ltr'>explicavimus</span> <span class='ocrx_word' id='word_1_294' title='bbox 632 2660 952 2703; x_wconf 88' lang='lat' dir='ltr'>narrationibus</span> <span class='ocrx_word' id='word_1_295' title='bbox 985 2659 1140 2713; x_wconf 90' lang='lat' dir='ltr'>quibus</span> <span class='ocrx_word' id='word_1_296' title='bbox 1169 2658 1398 2712; x_wconf 89' lang='lat' dir='ltr'>exponitur</span> <span class='ocrx_word' id='word_1_297' title='bbox 1420 2661 1497 2701; x_wconf 87' lang='lat' dir='ltr'>aut</span> <span class='ocrx_word' id='word_1_298' title='bbox 1517 2657 1629 2711; x_wconf 88' lang='lat' dir='ltr'>actio</span> 
     </span>
    </p>
   </div>
   <div class='ocr_carea' id='block_1_10' title="bbox 125 2756 404 2766">
    <p class='ocr_par' dir='ltr' id='par_1_10' title="bbox 125 2756 404 2766">
     <span class='ocr_line' id='line_1_37' title="bbox 125 2756 404 2766; baseline 0 0"><span class='ocrx_word' id='word_1_299' title='bbox 125 2756 404 2766; x_wconf 95' lang='lat' dir='ltr'> </span> 
     </span>
    </p>
   </div>
   <div class='ocr_carea' id='block_1_11' title="bbox 246 2808 1628 2861">
    <p class='ocr_par' dir='ltr' id='par_1_11' title="bbox 246 2808 1628 2861">
     <span class='ocr_line' id='line_1_38' title="bbox 246 2808 1628 2861; baseline -0.004 -11"><span class='ocrx_word' id='word_1_300' title='bbox 246 2815 281 2861; x_wconf 94' lang='lat' dir='ltr'>l)</span> <span class='ocrx_word' id='word_1_301' title='bbox 308 2814 355 2850; x_wconf 89' lang='lat' dir='ltr'>cf.</span> <span class='ocrx_word' id='word_1_302' title='bbox 383 2813 523 2858; x_wconf 85' lang='lat' dir='ltr'>HirzeI,</span> <span class='ocrx_word' id='word_1_303' title='bbox 551 2813 605 2848; x_wconf 87' lang='lat' dir='ltr'>De</span> <span class='ocrx_word' id='word_1_304' title='bbox 631 2811 822 2857; x_wconf 89' lang='lat' dir='ltr'>Euripidis</span> <span class='ocrx_word' id='word_1_305' title='bbox 848 2812 886 2847; x_wconf 80' lang='lat' dir='ltr'>&#39;m</span> <span class='ocrx_word' id='word_1_306' title='bbox 913 2810 1170 2856; x_wconf 88' lang='lat' dir='ltr'>componendis</span> <span class='ocrx_word' id='word_1_307' title='bbox 1197 2808 1371 2845; x_wconf 88' lang='lat' dir='ltr'>diverbiis</span> <span class='ocrx_word' id='word_1_308' title='bbox 1397 2812 1488 2845; x_wconf 81' lang='lat' dir='ltr'>arte.</span> <span class='ocrx_word' id='word_1_309' title='bbox 1525 2810 1628 2844; x_wconf 90' lang='lat' dir='ltr'>Bonn</span> 
     </span>
    </p>
   </div>
   <div class='ocr_carea' id='block_1_12' title="bbox 119 2851 1348 2972">
    <p class='ocr_par' dir='ltr' id='par_1_12' title="bbox 119 2851 1348 2972">
     <span class='ocr_line' id='line_1_39' title="bbox 119 2851 1348 2972; baseline -0.009 -60"><span class='ocrx_word' id='word_1_310' title='bbox 119 2851 217 2912; x_wconf 40' lang='lat'>‘1862</span> <span class='ocrx_word' id='word_1_311' title='bbox 242 2886 278 2921; x_wconf 87' lang='lat' dir='ltr'>p.</span> <span class='ocrx_word' id='word_1_312' title='bbox 304 2875 402 2919; x_wconf 79' lang='lat' dir='ltr'>26s7.</span> <span class='ocrx_word' id='word_1_313' title='bbox 1290 2930 1348 2972; x_wconf 86' lang='lat'>5*</span> 
     </span>
    </p>
   </div>
  </div>
 </body>
</html>
