1936 3276
724 279 1015 318 -65—

118 395 372 449 comparata
415 396 616 447 apertum
658 391 708 435 fit
739 396 874 436 artem
917 394 1121 437 narrandi
1151 394 1195 437 in
1227 397 1412 449 utraque
1443 396 1623 438 eandem

117 468 236 529 essm
281 475 349 507 vv.
385 463 539 507 1010l1
595 462 708 505 enim
760 475 917 518 praeco
970 464 1218 515 exorditum
1266 464 1458 507 narratio
1512 465 1623 519 inse-

119 545 255 590 quens
296 545 408 589 quae
449 532 504 576 de
544 532 712 576 duobus
742 533 987 576 hominibus
1019 534 1110 588 agit
1143 534 1186 576 in
1216 535 1324 577 duas
1355 538 1503 588 partes
1538 535 1624 577 dis-

4 608 20 665 ς
119 605 325 652 solvitur:
369 603 516 659 priore
557 615 716 658 praeco
748 603 970 646 Eteoclem
1015 604 1210 647 omnibus
1254 617 1349 647 cum
1389 604 1625 648 honoribus

119 679 170 725 ut
200 674 472 724 defensorem
514 674 684 730 patriae
726 673 1023 728 sepeliendum
1056 687 1151 717 esse
1183 675 1367 724 nuntiat,
1409 676 1453 717 in
1486 675 1626 718 altera

121 747 226 803 quid
269 748 448 794 senatus
491 745 545 788 de
587 744 789 799 Polynice
833 745 1120 788 constituerit.
1184 744 1278 787 Hae
1323 745 1433 787 duae
1476 750 1625 799 partes

120 817 408 872 seiunguntur
440 828 479 858 v.
506 818 631 858 1017.
674 814 791 858 οὕτω
822 814 904 868 μὲν
947 813 1060 868 ἀμφὶ
1102 815 1224 858 τοῦδ’
1270 813 1526 857 ἐπέσταλται
1559 814 1626 856 λε’-

118 895 219 944 ῃυιν
260 887 390 942 plane
431 886 582 930 eodem
625 885 751 928 modo
793 897 877 939 quo
921 885 1031 928 duae
1063 888 1212 939 partes
1245 885 1287 927 in
1320 884 1437 928 Pers.
1469 898 1507 927 v.
1543 888 1626 928 200

121 957 340 1015 (exempla
381 969 436 1000 ex
478 956 620 999 Prom.
660 959 834 1009 sumpta
882 954 932 997 cf.
966 953 1111 1008 infra).
1189 954 1384 1009 Denique
1431 955 1627 1009 epilogus

122 1036 261 1072 versu·
287 1030 400 1071 1030
430 1027 722 1070 narrationem
755 1024 863 1068 finit.

239 1097 363 1141 Idem
403 1097 458 1140 de
500 1095 821 1140 narrationibus
863 1095 1017 1149 quibus
1054 1095 1097 1138 in
1129 1095 1282 1138 Aesch.
1315 1094 1455 1137 Prom.
1487 1107 1627 1138 mores

123 1167 375 1216 Promethei
419 1170 464 1210 et
495 1167 610 1209 Ionis
653 1165 744 1209 fata
790 1169 890 1208 ante
933 1165 1078 1209 oculos
1122 1168 1342 1219 ponuntur
1378 1164 1627 1207 dicendum:

124 1250 273 1282 omnes
312 1237 425 1281 tales
469 1236 740 1280 narrationes
777 1236 995 1290 prooemio
1029 1238 1074 1278 et
1104 1235 1276 1289 epilogo
1309 1234 1629 1277 circumdantur

124 1312 171 1370 et
211 1308 248 1352 si
291 1307 462 1362 quando
507 1307 699 1350 narratio
743 1306 795 1349 de
841 1306 1008 1349 duabus
1051 1306 1181 1349 rebus
1219 1306 1333 1358 agit,
1376 1304 1456 1347 hoc
1497 1306 1629 1347 etiam

124 1377 264 1426 forma
294 1378 558 1422 narrationis
601 1377 830 1427 indicatur,
878 1377 991 1430 quod
1024 1377 1164 1430 prima
1194 1387 1296 1430 pars
1329 1376 1498 1429 epilogo
1535 1373 1628 1417 fini-

0 1438 3 1479 Ϊ
50 1503 53 1506 ¹
110 1451 223 1507 tur3
254 1447 307 1492 cf.
332 1447 476 1500 22317,
510 1451 608 1500 801,
642 1448 766 1492 84213
801 1450 846 1489 et
868 1447 1041 1500 saepius
1072 1446 1212 1489 altera
1232 1459 1258 1488 a
1278 1457 1388 1488 novo
1410 1445 1629 1499 prooemio

123 1517 277 1577 incipit
305 1518 466 1572 (2281'9.
499 1521 599 1561 802.
633 1519 793 1571 8445'5).

242 1587 292 1633 In
332 1587 582 1631 narratione
628 1588 853 1641 praeconis
902 1587 977 1640 Ag.
1012 1589 1242 1628 636—680
1290 1585 1482 1627 videmus
1530 1597 1629 1638 pro-

127 1658 314 1703 oemium
346 1656 616 1714 (634—649)
658 1661 703 1701 et
744 1657 962 1711 epilogum
997 1657 1266 1711 (671—680)
1299 1668 1500 1709 magnum
1534 1667 1629 1708 spa·

126 1730 236 1775 tium
276 1724 503 1783 occupare.
566 1727 632 1770 De
672 1728 919 1771 narratione
963 1727 1058 1781 ipsa
1095 1739 1206 1780 quae
1237 1730 1425 1779 stragem
1458 1726 1631 1768 navium

124 1799 329 1854 explicat,
360 1799 476 1842 idem
508 1798 735 1842 dicendum
766 1802 846 1849 est,
881 1799 994 1852 quod
1028 1798 1081 1840 de
1112 1797 1282 1840 Persis:
1315 1809 1400 1839 non
1433 1795 1630 1849 singulae

125 1882 198 1918 res
229 1882 341 1926 quae
371 1869 416 1913 in
446 1873 709 1925 tempestate
748 1869 997 1919 acciderint,
1041 1867 1350 1922 depinguntur,
1393 1865 1470 1908 sed
1502 1877 1632 1918 gene-

126 1939 279 1989 raliter
321 1952 470 1984 omnes
512 1952 646 1983 naves
690 1940 904 2034 quomodo
946 1941 1210 1992 tempestate
1243 1939 1469 1979 contussae
1501 1939 1632 1988 atque

127 2009 352 2066 dispersae
383 2011 483 2054 sint.
1222 2019 1225 2023 ·

111 2091 114 2093 ’
185 2123 191 2126 ,
243 2080 294 2124 In
325 2079 516 2136 Choeph.
541 2083 770 2123 674-687
809 2080 988 2123 Orestes
1020 2078 1168 2122 statim
1199 2091 1225 2120 a
1256 2089 1302 2120 re
1332 2077 1428 2131 ipsa
1459 2076 1630 2129 incipit:

39 2175 42 2177 v
127 2149 254 2204 ξένος
282 2150 365 2205 μέν
396 2152 486 2206 εἰμι
517 2166 605 2193 κτε,
678 2150 834 2193 deinde
881 2162 970 2192 lem
1004 2161 1140 2202 usque
1172 2148 1226 2190 ad
1258 2160 1297 2190 v.
1332 2150 1413 2190 687
1448 2146 1633 2200 explicat

127 2220 261 2289 rerba
293 2219 485 2275 Strophii
528 2232 639 2275 quae
682 2233 761 2274 pro
804 2220 946 2274 capite
989 2219 1129 2262 nuntii
1173 2218 1371 2262 habenda
1409 2222 1508 2260 sunt
1540 2217 1634 2269 ipsa

129 2290 336 2336 referens.
385 2303 453 2334 vv.
487 2293 720 2334 688-689
753 2289 972 2345 epilogum
1005 2289 1181 2333 faciunt.

838 2467 914 2510 ΙΙΙ.

246 2562 412 2616 Quibus
461 2563 592 2606 rebus
639 2563 692 2606 de
743 2562 982 2616 tragoediis
1029 2560 1183 2603 Atticis
1232 2572 1343 2613 quae
1382 2558 1441 2600 ad
1487 2562 1636 2600 nostra

126 2635 327 2691 tempora
358 2633 619 2686 superstites
661 2636 874 2674 venerunt
918 2631 1114 2685 probatis
1161 2630 1198 2672 si
1229 2629 1475 2690 quaerimus
1507 2640 1635 2681 quern

127 2702 268 2747 locum
310 2701 584 2745 narrationes
626 2701 670 2742 in
712 2701 952 2754 deperditis
984 2699 1221 2754 tragoediis
1252 2702 1297 2741 et
1329 2697 1634 2742 vetustissimis

128 2777 175 2816 et
205 2772 363 2816 ceteris
407 2771 538 2815 trium
581 2775 808 2824 poetarum
853 2770 1115 2824 tragicorum
1159 2769 1402 2819 habuerint,
1444 2768 1489 2810 id
1531 2772 1634 2811 ante

129 2842 272 2887 omnia
313 2854 368 2885 ne
408 2842 452 2884 in
485 2852 654 2884 errores
696 2840 935 2883 incidamus
967 2851 1199 2892 numquam
1232 2851 1256 2881 e
1287 2841 1430 2882 mente
1463 2838 1631 2880 excidat

128 2925 207 2957 nos
247 2912 457 2968 exemplis
498 2915 667 2954 tantum
699 2909 805 2952 artis
839 2909 1033 2964 tragicae
1065 2909 1142 2952 uti.
1204 2908 1357 2963 Itaque
1389 2908 1546 2961 aliquid
1580 2917 1632 2947 ex

1333 2994 1355 3021 Ο
