1950 3308
910 219 1167 258 ..g--m

294 336 549 390 Argivorum
571 335 770 378 intersint
792 347 844 376 ex
865 345 1019 376 scaena
1039 328 1325 385 recesserunt,
1346 334 1520 379 Danaus
1542 348 1653 379 nunc
1676 335 1790 379 redit

295 409 344 448 ut
375 406 502 448 choro
536 405 636 458 quid
668 403 851 457 populus
883 403 1142 455 Argivorum
1173 403 1446 446 constituerit
1489 407 1533 447 et
1573 405 1786 459 quomodo

295 487 371 516 rex
412 475 677 528 propositum
725 471 795 527 (cf.
843 470 1091 526 516—523)
1137 472 1378 526 peregerit,
1437 473 1620 516 nuntiet.
1698 474 1791 517 Hoc

296 545 445 586 nuntio
467 546 664 596 apertum
696 540 744 583 fit
767 542 983 584 Danaidas
1015 542 1122 584 urbe
1144 546 1341 595 receptas
1363 555 1447 584 non
1468 543 1551 585 iam
1574 543 1789 598 supplices

299 625 392 655 esse
423 614 449 654 i.
483 625 519 654 e.
560 612 639 654 hac
670 611 918 653 narratione
958 611 1070 653 actio
1102 623 1211 664 quae
1243 615 1310 654 est
1341 612 1395 654 de
1427 613 1674 666 receptione
1705 612 1791 655 Da·

297 683 519 725 naidarum
549 680 709 723 finitur.
771 680 889 722 Haec
931 680 1064 733 igitur
1095 681 1284 723 narratio
1317 682 1488 724 easdem
1519 685 1668 735 partes
1699 683 1792 736 agit

296 755 426 805 atque
457 751 727 793 narrationes
760 750 1021 803 Euripideae
1054 750 1208 803 quibus
1239 751 1351 792 actio
1393 751 1537 804 aliqua
1579 751 1623 794 in
1665 755 1792 805 parte

295 821 577 864 antecedente
608 823 870 874 praeparata
901 819 1152 862 absolvitur.
1213 819 1332 862 Pers.
1369 823 1595 864 181-210
1636 821 1793 864 Atossa

297 891 424 933 choro
457 902 606 932 senum
627 889 856 932 Persarum
884 889 1094 931 somnium
1126 891 1170 931 et
1200 889 1429 942 augurium
1460 891 1574 943 quod
1604 893 1792 934 mentem

295 971 456 1013 pavore
487 958 733 1012 perculerit,
776 961 975 1000 accurate
1008 958 1226 1000 describit.
1288 958 1379 1000 Hac
1410 959 1658 1002 narratione
1689 969 1792 1013 quo-

297 1030 421 1071 modo
463 1028 593 1071 animi
624 1028 853 1071 Persarum
894 1028 1205 1081 perturbentur
1235 1028 1476 1081 explicatur
1517 1031 1562 1071 et
1593 1030 1792 1083 quoniam

297 1110 454 1140 novum
485 1097 646 1151 aliquid
678 1098 790 1150 quod
822 1097 1019 1139 timorem
1050 1097 1279 1139 Persarum
1325 1100 1427 1140 ante
1467 1097 1612 1140 oculos
1655 1097 1791 1152 ponit,

297 1179 375 1221 per
405 1167 692 1209 narrationem
715 1167 944 1216 inducitur,
978 1166 1084 1208 haec
1115 1166 1305 1208 narratio
1338 1179 1433 1209 cum
1464 1167 1525 1210 eis
1547 1167 1793 1221 Euripideis

298 1249 403 1289 quas
425 1237 503 1278 sub
525 1236 673 1278 littera
688 1236 714 1278 b
737 1236 983 1278 enumeravi
1000 1236 1240 1289 comparari
1255 1239 1414 1290 potest.
1444 1236 1561 1279 Pers.
1582 1239 1664 1279 247
1677 1248 1791 1291 sqq.:

297 1306 371 1348 illa
401 1306 647 1348 narratione
678 1305 826 1347 habita
857 1306 1055 1347 nuntium
1086 1305 1270 1359 aliquem
1304 1306 1356 1348 de
1387 1318 1534 1359 pugna
1563 1305 1796 1349 Salaminia

298 1387 382 1417 non
415 1375 547 1416 multo
579 1378 678 1428 post
700 1377 928 1417 venturum
957 1387 1050 1417 esse
1072 1387 1309 1428 speramus.
1341 1375 1399 1417 Et
1429 1388 1468 1418 v.
1492 1378 1574 1418 249
1605 1375 1793 1418 accedit:

305 1445 357 1486 ab
385 1445 542 1486 Atossa
573 1445 865 1497 interrogatus
906 1443 1096 1497 singulas
1127 1447 1275 1497 partes
1306 1444 1460 1498 proelii
1492 1445 1706 1487 describit.
1741 1469 1792 1476 —

302 1513 420 1555 Haec
446 1513 636 1555 narratio
668 1514 712 1555 in
742 1512 887 1555 fabula
918 1525 1015 1555 eum
1036 1513 1174 1555 locum
1199 1513 1365 1556 obtinet
1387 1525 1513 1567 quem
1533 1513 1795 1567 Euripideae

300 1583 570 1625 narrationes
608 1583 661 1624 de
693 1582 969 1635 catastropha
1000 1583 1209 1635 prolatae.
1272 1582 1378 1625 Cum
1409 1583 1521 1625 enim
1560 1595 1614 1625 ex
1653 1582 1813 1631 verbis=

300 1651 419 1694 chori
448 1652 634 1694 Xerxem
668 1664 761 1693 curn
792 1664 947 1705 magno
980 1653 1172 1694 exercitu
1214 1653 1269 1694 ad
1301 1652 1525 1694 Graeciam
1555 1651 1797 1706 profectum

301 1733 394 1763 esse
427 1721 610 1764 sciamus
653 1724 697 1763 et
729 1721 882 1763 chorus
922 1725 970 1763 ut
1014 1721 1174 1774 ahquid
1206 1721 1259 1763 de
1291 1724 1407 1763 sorte
1440 1722 1599 1764 domini
1629 1733 1795 1774 compe-

295 1788 405 1831 riret
450 1790 507 1843 (v.
550 1790 798 1844 140—148)
848 1791 1015 1832 venerit
1061 1803 1320 1843 quamquam
1366 1791 1564 1833 nuntium
1607 1791 1795 1832 nondum
1839 1797 1850 1804 ’

280 1856 452 1901 *adesse
473 1872 559 1901 non
580 1861 762 1912 ignorat,
787 1860 915 1901 etiam
940 1872 1016 1901 nos
1040 1861 1094 1901 ad
1115 1861 1312 1902 nuntium
1334 1861 1497 1902 animos
1519 1859 1793 1902 attendimus.

301 1928 524 1970 Actionem
554 1928 687 1981 igitur
718 1941 802 1981 qua
834 1928 1112 1981 catastropha
1145 1929 1383 1980 adducitur,
1415 1929 1554 1982 ipsam
1584 1932 1685 1971 ante
1715 1929 1795 1971 ini-

301 1998 409 2040 tium
450 1997 620 2039 fabulae
659 1997 895 2050 perfectam
945 2009 1039 2039 esse
1078 2001 1208 2051 poeta
1252 1998 1365 2048 vult,
1414 2011 1508 2040 cum
1553 1999 1597 2040 in
1638 1998 1795 2040 fabulis

300 2067 548 2120 Euripideis
592 2067 702 2109 actio
744 2070 844 2109 ante
876 2066 1020 2109 oculos
1052 2070 1347 2120 spectatorum
1378 2071 1577 2120 ponatur.
1639 2067 1795 2121 Analy-

299 2137 431 2179 ticum
464 2136 606 2178 vocari
637 2135 746 2178 solet
781 2135 873 2178 eius
895 2136 1064 2188 generis
1087 2137 1249 2178 drama.
1302 2135 1421 2189 Sept.
1444 2139 1614 2178 42-56
1646 2136 1795 2178 nuntio

301 2206 412 2248 actio
454 2218 562 2258 quae
603 2208 669 2247 est
713 2206 765 2247 de
797 2205 1096 2246 Thebanorum
1139 2205 1245 2247 urbe
1286 2205 1554 2247 defendenda
1584 2205 1795 2247 innititur.

302 2274 420 2328 Sept.
456 2277 705 2317 369—676:
755 2274 857 2315 Iam'
886 2273 1136 2325 priusquam
1179 2274 1354 2314 nuntius
1386 2275 1593 2325 procedit,
1641 2275 1796 2317 scimus

303 2347 470 2397 septem
502 2344 630 2385 duces
661 2342 916 2384 fortissimos
948 2341 1002 2382 ad
1042 2344 1190 2394 portas
1222 2342 1433 2383 eruendas
1466 2343 1669 2384 accedere
1711 2343 1796 2394 (vv.

306 2413 454 2467 124s6)
493 2416 537 2454 et
568 2411 765 2454 Eteocles
796 2410 925 2464 paulo
957 2413 1057 2463 post
1088 2410 1215 2452 choro
1249 2410 1350 2452 dicit
1381 2422 1426 2452 se
1458 2423 1553 2452 cum
1586 2422 1662 2453 sex
1693 2411 1795 2453 viris

304 2485 452 2535 portas
484 2481 537 2523 ab
560 2481 754 2523 hostibus
777 2480 1007 2522 defendere
1039 2479 1147 2521 velle
1179 2479 1265 2533 (vv.
1290 2480 1550 2535 283—285).
1597 2480 1795 2523 Eteocles

305 2551 424 2593 addit
453 2551 531 2593 hos
562 2562 733 2593 versus:
1086 2593 1089 2594 ⁷

479 2618 585 2674 πρὶν
616 2618 829 2673 ἀγγέλους
860 2618 1106 2672 σπερχνούς
1135 2633 1181 2659 τε
1212 2615 1285 2659 καὶ
1315 2619 1624 2673 ταχυρρόθους

480 2691 642 2742 λόγους
674 2687 848 2730 ἱκέσθαι
878 2685 949 2729 καὶ
982 2686 1163 2741 φλέγειν
1192 2687 1340 2742 χρείας
1369 2686 1469 2730 ὕπο.

304 2757 502 2800 Eteocles
544 2758 676 2810 igitur
713 2757 880 2807 metuit,
931 2768 984 2798 ne
1027 2757 1166 2798 nuntii
1207 2759 1251 2798 et
1293 2755 1432 2798 famae
1462 2756 1652 2798 incertae
1683 2755 1797 2808 quod

305 2827 408 2869 urbs
446 2826 523 2869 tali
554 2827 810 2869 necessitate
841 2828 1074 2879 prematur,
1108 2828 1331 2879 vagentur.
1392 2825 1496 2867 Post
1527 2824 1631 2866 haec
1663 2824 1794 2866 verba

1779 54 1807 82 Α

1806 47 1838 88 ·::,.

1843 160 1846 163 ’
1848 95 1850 98 -
1843 50 1852 60 Ι

1936 673 1947 816 *εὴ-...ειυ-
1915 342 1943 657 μῇΜὲ-εᾱιι-έᾈμ
1949 302 1950 306 Α
1946 268 1950 278 Β
1912 248 1916 249 ¹
