1950 3308
1725 0 1748 32 2²}
1755 0 1950 130 §ww-1}

1787 34 1817 56 f*-
1832 30 1855 57 τ’
1911 54 1915 62 ,
1948 28 1950 36 ⁴

1002 266 1290 305 -44—

397 363 446 424 ’in
466 381 626 423 nuntiis
651 378 895 431 Euripideis
919 378 974 420 ad
996 377 1183 420 carmina
1206 377 1327 431 epica
1349 377 1563 431 quadrant
1583 382 1628 422 et
1648 374 1896 423 nuntiorum
1944 403 1947 410 «

404 451 576 503 propria
608 454 717 499 sunt,
752 447 1000 500 singillatim
1022 451 1191 490 tantum
1224 451 1396 490 exstant
1418 450 1463 490 et
1483 447 1658 492 obstant
1687 460 1766 493 eae
1795 461 1894 493 nar-

403 521 588 562 rationes
630 519 672 559 in
710 517 863 570 quibus
894 516 998 559 nihil
1030 517 1198 570 epicum
1229 509 1410 559 inveniri
1441 520 1586 570 potest
1616 516 1735 562 velut
1764 518 1892 570 Med„

405 589 540 638 Herc„
583 587 712 640 Hipp.
745 590 821 629 aut
852 598 961 639 quae
992 587 1035 628 in
1067 586 1315 629 universum
1348 586 1480 629 vitam
1511 586 1701 630 Atticam
1727 590 1894 642 tempo-

400 671 492 699 rum
516 656 844 710 Euripideorum
867 656 1054 699 reddunt
1077 660 1124 699 ut
1145 656 1178 698 Ι.
1201 656 1247 698 T.
1281 655 1346 698 El.
1380 656 1475 698 Hel.
1508 656 1597 699 Ion.
1631 655 1704 701 Or.
1751 656 1894 701 Etiam

400 731 537 769 totum
571 739 706 780 genus
737 726 942 769 narrandi
985 739 1069 768 non
1100 726 1155 769 ad
1187 730 1323 768 artem
1355 725 1522 780 epicam
1552 725 1706 770 referri
1735 729 1892 781 potest,

400 797 512 849 quod
532 796 716 839 >nuntius
749 809 798 839 eo
831 797 979 838 ordine
1011 807 1081 837 res
1113 795 1279 848 profert
1311 807 1394 849 quo
1417 796 1468 838 -in
1494 799 1770 850 conspectum
1801 796 1893 840 eius

400 870 609 908 venerunt
652 870 696 908 et
739 878 869 918 saepe
911 865 1005 918 ipse
1051 866 1094 907 in
1139 865 1267 908 rebus
1311 865 1511 918 gerendis
1554 865 1657 918 egit.
1728 865 1894 909 Deinde

398 935 574 977 nuntius
617 947 685 977 res
729 946 892 977 summo
925 947 1020 977 cum
1061 933 1217 976 affectu
1258 934 1330 987 qui
1370 933 1425 976 ad
1455 934 1722 979 recitandum
1749 935 1894 989 magui

400 1004 603 1046 momenti
635 1008 714 1055 est,
758 1003 1000 1058 explieat1).
1062 1003 1119 1046 Et
1149 1007 1301 1057 postea
1332 1003 1719 1048 demonstrabimus
1748 1015 1894 1047 narra·

399 1075 536 1116 tiones
568 1074 610 1115 in
642 1073 878 1127 tragoediis
910 1073 1231 1126 antiquissimis,
1279 1072 1476 1127 Aeschyli
1508 1073 1615 1126 dico,
1662 1073 1767 1127 nihil
1805 1073 1893 1127 epi·
1919 1078 1937 1093 '⁴

398 1156 492 1186 cum
533 1156 637 1196 prae
676 1156 722 1185 se
762 1143 896 1194 ferre,
945 1144 1021 1186 sed
1065 1146 1202 1186 artem
1232 1143 1435 1186 narrandi
1478 1143 1522 1185 in
1561 1142 1627 1186 his
1657 1143 1893 1197 tragoediis

401 1213 651 1267 (praecipue
679 1214 723 1256 in
745 1213 914 1267 Suppl.)
946 1225 1029 1255 non
1061 1217 1149 1255 tam
1181 1212 1394 1255 excultam
1425 1225 1503 1266 per
1524 1213 1714 1266 singulos
1733 1213 1893 1267 gradus

397 1283 451 1325 ad
482 1283 746 1335 praeclaram
779 1287 915 1325 artem
938 1283 1465 1336 Euripidisprogressam
1498 1294 1605 1325 esse.
1655 1281 1780 1333 Quod
1808 1294 1894 1334 non

398 1352 556 1394 factum
591 1356 730 1403 esset,
773 1353 808 1394 si
839 1353 1030 1395 narratio
1061 1353 1183 1405 epica
1214 1353 1268 1394 ab
1301 1352 1421 1394 initio
1453 1353 1507 1394 ad
1538 1350 1791 1395 imitandum
1822 1352 1895 1394 ad·

397 1422 535 1464 hibita
579 1425 708 1464 esset.
771 1423 882 1464 Ante
924 1422 1065 1464 omnia
1108 1425 1252 1464 autem
1295 1422 1338 1464 id
1370 1434 1438 1464 me
1469 1421 1601 1464 movit
1631 1425 1680 1464 ut
1711 1421 1894 1465 colorem

398 1492 565 1543 epicum
613 1504 637 1533 a
678 1492 996 1534 narrationibus
1035 1492 1211 1544 tragicis
1255 1491 1556 1542 abiudicarem,
1603 1491 1718 1544 quod
1744 1491 1893 1534 simili-

397 1562 568 1604 tudines
613 1567 656 1603 et
701 1562 830 1604 verba
875 1562 1038 1604 directa
1077 1574 1103 1604 a
1134 1561 1294 1603 nuntiis
1337 1562 1468 1603 allata
1508 1572 1592 1603 non
1635 1561 1689 1602 ad
1732 1570 1893 1602 morem

396 1631 562 1683 epicum
607 1630 957 1682 conformantur,
1010 1632 1085 1673 sed
1130 1631 1432 1674 similitudines
1483 1631 1527 1673 in
1577 1629 1893 1674 narrationibus

395 1700 509 1743 haud
553 1701 637 1743 alia
677 1701 843 1743 ratione
886 1706 1016 1755 atque
1057 1701 1102 1743 in
1145 1701 1348 1743 diverbiis
1380 1700 1642 1743 adhibentur
1682 1705 1727 1744 et
1757 1700 1894 1745 oratio

396 1771 558 1812 directa
590 1783 692 1812 vera
724 1771 856 1813 verba
888 1771 1104 1814 hominum
1137 1771 1293 1813 reddit.
1346 1770 1501 1813 Totum
1534 1782 1670 1823 genus
1690 1769 1894 1812 narrandi

396 1841 538 1891 potius
583 1841 636 1881 ad
668 1840 1175 1894 narrationes'Lysianas
1218 1841 1402 1893 quadrat
1444 1839 1513 1893 (cf.
1548 1838 1892 1882 dissertationem

396 1909 439 1949 in
471 1908 708 1960 appendice
740 1908 950 1962 allatam).

1125 2026 1161 2065 2.

512 2092 590 2135 His
621 2093 749 2134 rebus
789 2092 842 2134 de
874 2093 1119 2134 nuntiorum
1150 2092 1468 2135 narrationibus
1500 2091 1786 2146 comprobatis
1817 2103 1889 2133 na-

395 2166 535 2203 turam
563 2167 802 2204 ceterarum
835 2174 891 2204 sc.
924 2174 1070 2204 earum
1098 2174 1208 2215 quae
1239 2162 1282 2204 in
1304 2162 1447 2215 priore
1469 2165 1593 2214 parte
1615 2161 1892 2214 prologorum

394 2231 724 2283 Euripideorum
756 2231 960 2283 leguntur
1001 2236 1045 2272 et
1077 2231 1230 2283 quibus
1262 2243 1371 2273 nova
1403 2231 1515 2272 actio
1547 2231 1590 2272 in
1622 2230 1890 2283 tragoediam

396 2301 611 2342 inducitur
643 2300 808 2342 facilius
833 2311 1088 2351 cognoscere
1109 2312 1350 2351 possumus.
1392 2299 1456 2340 De
1479 2299 1544 2341 his
1566 2294 1705 2352 igitur
1719 2289 1891 2342 brevius

397 2370 679 2422 disputemus.

517 2475 552 2518 1)
578 2474 646 2508 hoc
663 2472 768 2508 modo
786 2473 877 2508 bene
894 2472 1039 2508 narrari
1058 2483 1166 2517 posse
1185 2471 1410 2507 demonstrat
1427 2471 1558 2506 histrio
1582 2470 1619 2506 in
1638 2471 1890 2516 Shakespeare

395 2531 539 2567 Hamlet
563 2532 609 2576 II,
628 2534 723 2566 2.-
742 2531 893 2566 Rassow
919 2541 991 2566 non
1018 2536 1118 2566 recte
1144 2530 1296 2566 affectus
1323 2530 1453 2574 quibus
1480 2529 1629 2564 nuntius
1655 2528 1740 2564 dum
1765 2533 1890 2564 narret

394 2594 661 2626 commoveatur
687 2601 731 2626 ex
756 2601 798 2625 eo
825 2590 982 2635 probare
1007 2589 1131 2625 studet
1157 2589 1253 2633 quod
1288 2589 1434 2633 saepius
1470 2588 1515 2623 de
1541 2588 1730 2624 affectibus
1758 2588 1887 2632 quibus

394 2651 428 2684 in
455 2649 563 2686 rebus
589 2649 757 2694 gerendis
784 2649 935 2685 affectus
961 2649 1019 2693 sit,
1058 2653 1196 2684 narrat.
1248 2648 1369 2683 Etiam
1406 2647 1450 2682 de
1485 2647 1646 2683 factione
1679 2647 1889 2698 nuntiorum

394 2709 435 2741 R.
472 2719 543 2743 non
577 2712 678 2744 recte
713 2708 914 2753 disputavit
952 2708 1048 2752 quod
1084 2708 1229 2743 nuntios
1266 2707 1423 2742 omnium
1460 2706 1642 2741 hominum
1676 2705 1888 2742 miserorum

394 2767 562 2810 miseren
604 2768 648 2803 cf.
675 2768 923 2803 narrationem
957 2768 993 2802 in
1021 2767 1128 2811 Med„
1166 2767 1228 2801 ubi
1262 2767 1409 2801 nuntius
1445 2776 1466 2800 a
1494 2769 1600 2810 parte
1625 2764 1776 2800 Medeae
1802 2767 1887 2808 stat,

394 2829 457 2860 aut
491 2825 624 2860 Phoen.
665 2829 700 2861 in
740 2827 937 2862 certamine
975 2826 1152 2871 singulari
1191 2824 1396 2869 narrando,
1437 2824 1500 2859 ubi
1536 2824 1684 2859 nuntius
1723 2833 1745 2858 a
1782 2827 1888 2868 parte

394 2884 555 2920 Eteoclis
581 2890 664 2919 stat.
