1950 3308
935 293 1218 333 -54-

333 411 375 453 in
408 423 502 452 eum
536 410 670 452 solum
706 406 902 448 intendit.
964 405 1013 447 In
1045 405 1094 449 O.
1114 404 1161 449 C.
1186 405 1452 460 Oedipodem
1484 412 1658 452 secutus
1689 409 1743 451 de
1774 420 1824 452 eo

334 484 496 532 narrat,
530 480 606 521 sed
638 478 762 519 simili
796 478 848 518 de
882 489 1010 518 causa
1042 489 1125 530 qua
1156 477 1199 518 in
1232 476 1282 519 Ο.
1304 476 1355 518 R.
1389 477 1441 519 de
1473 482 1611 521 morte
1630 479 1826 523 locastae
1893 480 1896 481 ⁷

334 551 377 592 in
410 550 460 593 O.
485 549 529 591 C.
564 549 616 589 de
647 550 784 589 morte
818 545 1052 599 Oedipodis
1083 546 1189 588 nihil
1220 547 1419 589 nuntiare
1451 551 1609 601 potest.

446 617 632 660 Nuntius
673 628 929 669 quamquam
973 628 1043 658 res
1076 616 1127 658 de
1159 616 1314 669 quibus
1345 621 1493 658 narrat
1525 617 1644 668 vidit,
1680 620 1825 661 tamen
1897 627 1901 630 ’

332 702 415 731 non
446 691 567 729 tanto
599 685 754 728 affectu
788 689 1077 728 commovetur
1098 690 1258 739 quanto
1282 687 1420 729 nuntii
1441 687 1667 741 Euripidei
1686 700 1826 742 neque

330 759 373 800 in
418 768 613 800 scaenam
659 756 895 809 procedens
938 756 1068 799 verba
1111 754 1221 798 tanti
1265 755 1442 799 affectus
1484 757 1612 811 plena
1652 757 1824 802 emittit.

333 827 424 870 Hoc
475 826 727 880 comprobat
773 826 1001 878 Antigona,
1046 825 1118 867 ubi
1160 825 1336 867 nuntius
1377 830 1559 870 mortem
1593 827 1826 871 Haemonis

330 896 607 939 nuntiaturus
654 895 799 937 multis
852 894 993 937 verbis
1039 907 1079 936 v.
1116 897 1225 936 1155
1239 907 1300 947 sq.
1353 896 1530 949 exponit
1580 897 1682 950 quid
1731 905 1824 942 sors

333 965 529 1008 Creontis
562 966 614 1007 de
645 968 762 1007 sorte
798 964 986 1006 humana
1018 963 1182 1006 doceat.
1245 963 1357 1006 Sane
1389 965 1519 1007 etiam
1550 965 1618 1009 hic
1649 967 1824 1010 nuntius

333 1036 462 1078 rebus
494 1035 628 1088 gestis
661 1036 964 1084 commovetur,
1008 1034 1084 1077 sed
1115 1031 1293 1076 affectus
1331 1046 1415 1076 non
1446 1038 1598 1088 pectus
1627 1035 1824 1079 intimum

336 1105 549 1157 concutit;
583 1103 779 1157 queritur
801 1107 844 1145 et
866 1102 1060 1145 lacrimat
1082 1106 1130 1144 ut
1151 1102 1344 1146 homines
1376 1104 1467 1146 eius
1490 1105 1660 1158 generis
1682 1104 1824 1148 facere

333 1174 482 1217 solent.
542 1174 599 1215 Hi
630 1173 763 1227 igitur
804 1172 981 1216 affectus
1024 1172 1132 1215 bene
1172 1174 1430 1216 conveniunt
1461 1186 1556 1217 cum
1587 1175 1823 1232 ἠθοποιίᾳ;

332 1244 376 1286 in
408 1243 456 1286 O.
482 1243 532 1285 R.
570 1246 681 1285 1224
693 1255 755 1296 sq.
796 1243 971 1284 nuntius
1015 1242 1067 1284 de
1099 1243 1395 1296 magnitudine
1427 1243 1682 1287 calamitatis
1713 1257 1823 1299 quae

332 1315 503 1357 domum
524 1315 791 1368 praeclaram
813 1313 1157 1370 Labdacidarum
1180 1314 1446 1367 oppresserit
1467 1326 1650 1367 querens
1682 1325 1707 1356 a
1730 1315 1824 1358 loco

333 1384 542 1427 communi
573 1387 622 1426 ut
651 1384 694 1426 in
726 1383 941 1436 Antigona
971 1384 1132 1437 incipit.
1192 1384 1379 1426 Nuntius
1415 1384 1458 1426 in
1491 1384 1542 1427 Ο.
1565 1384 1610 1427 C.
1637 1388 1746 1427 1579
1780 1385 1823 1427 in

332 1466 529 1497 scaenam
572 1454 745 1496 veniens
784 1453 947 1495 nullum
992 1452 1191 1496 affectum
1233 1453 1435 1496 ostendit.
1495 1454 1648 1508 Hyllus
1677 1458 1822 1498 autem

332 1528 377 1566 et
407 1524 552 1566 nutrix
583 1524 626 1565 in
649 1523 884 1565 Trachiniis
916 1523 1199 1576 procedentes
1230 1535 1348 1566 more
1370 1523 1604 1577 Euripideo
1626 1524 1679 1566 ab
1701 1523 1822 1566 initio

332 1606 486 1647 magno
529 1606 623 1635 cum
665 1592 820 1635 affectu
860 1591 1105 1646 loquuntur,
1151 1592 1264 1646 quod
1303 1594 1515 1646 pernicies
1546 1605 1720 1636 suorum
1750 1605 1825 1635 eos

335 1662 491 1705 affecit.
520 1687 562 1693 —-
594 1662 715 1713 Quae
746 1675 842 1705 cum
874 1662 935 1704 ita
958 1662 1054 1715 sint,
1088 1662 1278 1704 narratio
1301 1663 1546 1705 nuntiorum
1569 1661 1821 1717 Sophocleo-

330 1746 426 1775 rum
456 1745 539 1775 non
571 1733 703 1775 tantis
735 1731 958 1775 affectibus
990 1732 1193 1785 impletur
1223 1733 1394 1786 quantis
1421 1731 1537 1786 apud
1558 1731 1825 1787 Euripidem.

330 1804 387 1845 Et
419 1803 554 1845 multo
586 1803 725 1845 rarius
757 1802 896 1844 nuntii
928 1802 1153 1855 Sophoclei
1196 1803 1248 1844 de
1279 1802 1520 1845 hominibus
1551 1803 1718 1845 miseris
1748 1803 1822 1844 ad-

333 1873 483 1914 hibent
515 1873 646 1913 verba
678 1872 797 1913 velut
827 1872 959 1920 τάλας
988 1873 1184 1925 thamnam
1219 1872 1496 1913 inveniuntur
1527 1871 1593 1913 his
1623 1871 1726 1913 locis
1756 1871 1821 1914 El.

334 1945 439 1992 7423
474 1944 568 1983 756.
619 1940 669 1982 O.
692 1941 742 1982 R.
770 1944 891 1982 1249.
930 1943 1051 1980 1267.
1101 1940 1250 1981 Trach.
1276 1943 1380 1990 7723
1416 1943 1497 1981 792
1525 1940 1597 1994 (de
1621 1940 1821 1982 Deianira

333 2023 441 2065 quae
464 2010 606 2065 adest)
630 2013 725 2052 909.
748 2012 844 2051 936.
867 2033 920 2037 —-
944 2008 1084 2050 Etiam
1117 2020 1169 2049 ex
1200 2008 1341 2050 colore
1373 2009 1576 2051 narrandi
1605 2010 1821 2053 rarissime

331 2080 624 2134 cognoscimus
646 2079 840 2120 nuntium
863 2077 991 2120 rebus
1014 2077 1280 2119 commoveri.
1334 2077 1472 2120 Huius
1493 2079 1556 2122 rei
1580 2080 1821 2134 exemplum

332 2150 547 2203 optimum
583 2148 764 2202 praebet
795 2147 1058 2196 Trachiniae‚
1104 2158 1188 2199 qua
1230 2147 1273 2190 in
1313 2148 1537 2200 tragoedia
1568 2147 1822 2203 Sophoclem

331 2219 466 2262 multa
498 2231 549 2261 ex
581 2217 815 2271 tragoediis
851 2215 1096 2269 Euripideis
1137 2219 1378 2258 mutuatum
1411 2229 1505 2260 esse
1538 2221 1727 2270 constat3
1768 2218 1819 2260 cf.

333 2290 463 2339 757s8
503 2287 653 2342 Hyllus
696 2286 836 2329 verbis
876 2284 1010 2339 κῆρυξ
1054 2283 1121 2326 ἀπ’
1169 2285 1303 2327 οἴκων
1347 2286 1450 2327 ἵκετ’
1491 2287 1652 2337 οἰκεῖος
1683 2289 1821 2344 Λίχας

330 2358 380 2399 τὸ
413 2358 493 2399 σὸν
515 2357 665 2411 φέρων
686 2356 866 2409 δώρημα
888 2354 1008 2396 addit
1029 2354 1283 2407 θανάσιμον
1306 2354 1487 2408 πέπλον,
1520 2358 1631 2409 quod
1655 2361 1819 2400 vestem

330 2426 595 2469 mortiferam
627 2424 974 2467 commemoranti
1005 2424 1142 2466 tristis
1174 2419 1536 2467 exitus'Herculis
1567 2425 1610 2467 in
1632 2430 1819 2468 mentem

331 2496 450 2538 venit
490 2499 535 2538 et
578 2507 673 2537 eum
721 2494 936 2548 opprimit.
997 2493 1046 2535 In
1079 2494 1292 2547 Antigona
1329 2494 1502 2536 nuntius
1533 2495 1576 2536 in
1607 2493 1690 2537 fine
1721 2508 1818 2538 nar-

332 2565 509 2608 rationis
545 2564 696 2618 124011

504 2640 642 2676 κεῖται
673 2633 721 2675 δὲ
754 2633 907 2684 νεκρὸς
935 2629 1034 2685 περὶ
1067 2638 1222 2688 νεκρῷ,
1253 2632 1305 2673 τὰ
1335 2632 1534 2686 νυμφικὰ

504 2702 605 2757 τέλη
637 2703 782 2758 λαχὼν
813 2702 1000 2750 δείλαιος
1031 2702 1098 2743 εἰν
1118 2700 1266 2742 Ἅιδου
1300 2701 1454 2754 δόμοις

332 2774 385 2815 ad
417 2773 615 2815 miseram
657 2771 938 2814 conditionem
970 2771 1011 2812 in
1056 2784 1138 2824 qua
1172 2771 1388 2824 Antigona
1421 2775 1464 2813 et
1495 2782 1676 2824 sponsus
1707 2783 1818 2813 nunc

333 2846 398 2885 est
429 2842 605 2895 respicit
638 2846 681 2883 et
712 2841 842 2884 verba
873 2841 933 2883 ita
965 2844 1186 2893 comparat
1218 2844 1265 2882 ut
1298 2841 1426 2883 etiam
1458 2852 1569 2882 nunc
1590 2851 1640 2883 ea
1661 2852 1816 2893 magno

333 2925 426 2955 cum
470 2911 615 2954 dolore
660 2911 828 2964 prolata
870 2921 965 2953 esse
1008 2917 1323 2963 cognoscamus.
1357 2934 1412 2939 —
1455 2909 1596 2952 Etiam
1641 2909 1815 2952 nuntius

1944 655 1950 665 -
1943 643 1947 646 ›
1945 626 1950 632 .
1939 541 1950 587 ...-.·..
1927 311 1950 531 -ωι-’ὖβῗικᾶ-ὶκτᾲς-Ᾰμ.
1935 280 1946 289 „⁴
1930 223 1931 227 Α
