1936 3276
944 250 1231 289 -70-

341 373 471 403 sonae
505 373 574 404 res
605 375 781 404 narrare
812 374 896 404 non
928 366 1175 415 potuerunt.
1239 363 1296 406 At
1328 368 1459 418 poeta
1479 366 1716 423 plerunque
1737 381 1833 424 per-

341 430 455 473 sonis
487 443 595 485 quae
627 432 670 473 in
701 430 859 473 fabulis
900 432 1082 474 maiores
1116 433 1226 475 vices
1262 439 1507 487 gesserunt,
1547 438 1837 482 narrationem

340 499 531 542 tribuere
570 501 726 553 potuit,
769 500 805 542 si
842 499 988 555 voluit,
1032 513 1068 544 e.
1092 514 1130 556 g.
1161 502 1203 544 in
1235 502 1392 546 Persis
1423 504 1515 547 sine
1547 506 1676 550 dubio
1706 508 1837 552 etiam

339 569 502 611 Xerxes
534 569 696 611 cladem
717 569 990 612 Salaminiam
1012 570 1173 614 referre
1199 574 1371 626 potuit.
1435 572 1523 616 Cur
1541 579 1672 633 poeta
1686 564 1836 621 tamen

338 639 535 680 nuntium
565 638 745 692 induxit,
787 652 882 682 cum
913 640 953 682 in
988 639 1136 695 Suppl.
1173 642 1350 685 Danaus
1387 656 1478 686 rem
1509 648 1610 698 post
1638 657 1835 690 scaenam

338 711 502 761 gestam
549 709 751 751 enarret?
812 709 908 752 Mea
948 710 1118 764 quidem
1161 713 1378 755 sententia
1425 714 1468 756 in
1496 713 1639 758 Persis
1670 715 1835 761 Xerxes

337 778 456 820 clade
488 777 718 821 Salaminia
762 779 823 822 ita
863 779 1045 823 afflictus
1093 784 1172 832 est,
1217 785 1266 824 ut
1304 783 1441 835 queri,
1463 785 1612 837 possit,
1658 797 1835 831 narrare

335 859 420 890 non
461 848 609 901 possit.
670 849 727 891 Et
757 849 923 891 Xerxes
966 862 1050 891 non
1082 850 1191 892 bene
1224 856 1431 907 narraret,
1484 854 1597 908 quod
1638 855 1829 898 narratio
1877 883 1879 885 ·

335 916 534 959 affectum
585 918 639 959 ad
685 921 862 971 questus
911 919 1200 961 necessarium
1246 921 1401 964 minuit
1419 921 1464 977 ¹).
1542 922 1654 966 Sane
1700 924 1831 967 etiam

333 987 509 1029 nuntius
541 986 763 1030 affectibus
795 988 848 1030 de
878 988 1007 1031 rebus
1031 989 1131 1031 visis
1153 987 1349 1042 afficitur,
1386 991 1463 1034 sed
1485 992 1684 1046 quoniam
1705 992 1831 1036 homo

333 1055 570 1098 humilioris
593 1057 762 1110 generis
785 1060 865 1110 est,
898 1058 1027 1101 rebus
1049 1060 1184 1111 gestis
1209 1071 1293 1102 non
1318 1060 1379 1103 ita
1398 1059 1592 1113 afficitur,
1625 1065 1674 1105 ut
1704 1061 1830 1106 affec-

332 1130 423 1169 tum
455 1127 690 1180 reprimere
722 1139 806 1169 non
849 1129 997 1181 possit.
1060 1128 1182 1172 Hanc
1213 1142 1444 1183 personam
1475 1132 1614 1174 nuntii
1645 1132 1700 1175 ad
1731 1132 1827 1176 illas

332 1209 538 1250 personas
568 1197 740 1240 maioris
772 1197 998 1251 gravitatis
1030 1199 1184 1251 quibus
1218 1212 1376 1243 munus
1409 1201 1547 1244 nuntii
1568 1213 1662 1245 esse
1683 1204 1827 1256 potuit

332 1270 380 1309 ut
411 1266 572 1317 Danao,
616 1266 924 1309 conformatam
965 1279 1058 1310 esse
1094 1272 1199 1322 puto
1214 1268 1258 1325 2).
1326 1270 1453 1312 Unde
1484 1270 1618 1324 igitur
1650 1270 1827 1316 affectus

331 1336 577 1378 nuntiorum
621 1340 664 1378 et
695 1337 808 1389 quod
849 1337 988 1379 nuntii
1030 1349 1080 1380 ea
1123 1339 1213 1382 sola
1259 1351 1371 1392 quae
1403 1339 1605 1383 viderunt
1634 1343 1826 1392 narrant,

331 1405 415 1448 alia
446 1409 591 1448 autem
635 1407 851 1449 omittunt.
914 1405 1049 1449 Simili
1080 1408 1192 1450 enim
1223 1409 1354 1452 modo
1388 1409 1487 1452 illae
1517 1422 1728 1463 personae
1757 1422 1828 1453 res

329 1480 568 1518 narrarent.
605 1501 653 1506 —
688 1476 922 1518 Personam
964 1477 1098 1530 igitur
1137 1477 1264 1520 huius
1296 1479 1436 1521 nuntii
1467 1482 1622 1532 poetae
1654 1479 1732 1522 sibi
1764 1479 1826 1522 in-

331 1549 542 1588 venerunt
585 1549 633 1588 ut
677 1558 746 1588 res
787 1545 986 1589 affectum
1029 1550 1253 1590 moventes
1299 1552 1526 1591 narrarent
1561 1552 1604 1591 et
1636 1561 1708 1591 eos
1740 1549 1826 1591 iam

327 1614 411 1658 illis
451 1615 718 1669 temporibus
760 1616 1010 1669 tragoediae
1060 1616 1275 1659 invenisse
1329 1621 1523 1671 possunt,
1574 1629 1670 1660 cum
1714 1630 1824 1661 unus

328 1687 497 1727 tantum
529 1688 648 1727 actor
678 1685 854 1727 exstitit.
924 1684 1017 1736 Qua
1047 1685 1091 1727 in
1121 1698 1168 1728 re
1201 1685 1438 1739 Euripides
1469 1687 1716 1741 tragoedias
1747 1699 1823 1730 an-

326 1754 534 1808 tiquiores
565 1755 772 1808 sequitur,
807 1767 903 1797 cum
934 1755 977 1797 in
1006 1755 1221 1809 prioribus
1259 1756 1493 1809 tragoediis
1525 1757 1823 1812 catastrophas

327 1824 439 1866 solas
470 1836 549 1876 per
577 1824 748 1866 nuntios
781 1823 982 1877 explicet.

442 1892 507 1934 Ab
538 1892 617 1934 hoc
657 1893 805 1934 nuntio
847 1905 942 1934 eam
983 1904 1209 1946 personam
1244 1894 1555 1947 seiungendam
1587 1905 1681 1936 esse
1711 1897 1818 1948 puto

322 1974 453 2015 vquam
488 1987 536 1992 —-
571 1962 606 2004 si
647 1974 795 2004 verum
837 1965 903 2004 est
941 1962 1054 2015 quod
1085 1962 1347 2006 Aristoteles
1387 1964 1521 2006 tradit
1558 1963 1817 2019 Aeschylum

325 2032 509 2074 alterum
551 2031 802 2074 histrionem
846 2031 891 2074 in
933 2031 1201 2084 tragoediam
1244 2031 1465 2076 induxisse
1495 2058 1552 2064 —-
1585 2034 1818 2093 Aeschylus

325 2101 405 2144 sibi
444 2101 619 2152 invenit,
663 2105 712 2144 ut
745 2101 962 2154 dialogum
997 2104 1041 2143 et
1072 2102 1282 2144 actionem
1317 2101 1516 2145 efficeret.
1578 2103 1688 2146 Nam
1720 2115 1816 2160 cum

323 2171 590 2224 temporibus
621 2171 774 2224 quibus
806 2183 916 2213 unus
961 2173 1128 2213 tantum
1159 2170 1310 2214 histrio
1349 2174 1443 2214 erat
1472 2172 1580 2215 actio
1610 2170 1703 2215 fieri
1731 2184 1817 2215 non

323 2244 471 2294 posset
515 2244 592 2283 aut
635 2244 683 2282 ut
726 2240 768 2282 in
799 2240 942 2282 Persis
986 2240 1134 2283 drama
1181 2241 1442 2294 analyticum
1485 2253 1579 2284 esse
1624 2242 1815 2294 deberet,

447 2345 480 2385 1)
507 2344 575 2378 hoc
602 2342 862 2387 comprobatur
886 2342 923 2376 in
950 2341 1075 2377 eadem
1100 2341 1226 2377 fabula
1254 2354 1285 2377 v.
1314 2345 1456 2388 159sq.,
1490 2344 1553 2378 ubi
1577 2346 1713 2381 Atossa
1738 2356 1817 2381 cum

323 2402 434 2437 choro
464 2402 626 2437 versibus
662 2400 858 2436 trochaicis
884 2400 1055 2444 loquitur,
1097 2400 1344 2436 narrationem
1371 2405 1491 2436 autem
1517 2401 1562 2437 de
1586 2403 1725 2438 somnio
1751 2403 1815 2437 tri-

316 2461 459 2505 metris,
485 2461 648 2496 versibus
675 2458 918 2495 sedatioribus
944 2463 981 2495 et
1007 2459 1053 2495 ad
1079 2470 1279 2495 sermonem
1308 2460 1522 2505 aptioribus,
1549 2459 1703 2505 profert.

441 2520 478 2566 2)
504 2519 685 2554 sententia
722 2518 841 2563 igitur·
873 2528 981 2563 quam
1017 2518 1244 2554 Hermannus
1285 2519 1322 2553 in
1358 2518 1486 2564 praeff.
1521 2519 1609 2554 Eur.
1646 2519 1742 2565 Cycl.
1777 2524 1815 2556 et

322 2579 452 2614 Bacch.
481 2578 687 2623 explicavit,
714 2578 832 2613 nuntii
857 2587 1048 2623 personam
1070 2587 1092 2612 a
1110 2577 1227 2622 primo
1246 2581 1370 2613 actore
1388 2577 1435 2613 ad
1454 2578 1603 2613 chorum
1619 2578 1814 2615 accedente

322 2638 523 2673 derivatam
557 2649 637 2674 esse
664 2641 766 2673 recta
790 2636 943 2683 videtur,
975 2637 1007 2672 si
1031 2637 1197 2672 nuntium
1229 2637 1347 2672 locum
1373 2637 1481 2682 primi
1505 2637 1640 2673 actoris
1667 2638 1812 2683 saepius

322 2707 518 2740 occupasse
545 2698 728 2734 sumimus.
779 2697 871 2732 Tum
895 2696 988 2732 enim
1014 2707 1057 2731 ea
1082 2695 1127 2731 de
1153 2706 1264 2731 causa
1289 2696 1463 2732 maximas
1481 2699 1606 2741 partes
1624 2696 1700 2741 egit
1717 2696 1813 2741 quod

320 2766 387 2801 pro
413 2756 476 2790 illa
501 2768 658 2800 persona
683 2757 830 2793 maioris
855 2756 1045 2801 gravitatis
1073 2766 1149 2791 rem
1176 2766 1242 2800 per
1273 2755 1435 2790 fabulam
1461 2755 1712 2800 explicandam
1729 2766 1812 2792 nar-

321 2815 426 2859 ravit,
452 2814 489 2849 id
514 2816 609 2858 quod
635 2817 672 2850 in
697 2817 826 2852 Aesch.
845 2816 944 2851 P-ers.
971 2814 1141 2860 videmus,
1168 2814 1231 2851 ubi
1260 2814 1410 2850 nuntius
1436 2825 1503 2858 pro
1520 2814 1642 2850 Xerxe
1667 2817 1808 2849 narrat.

313 2873 368 2910 cf.
393 2874 544 2910 Rassow
570 2885 604 2918 p.
634 2878 703 2918 ls2.
