1950 3308
973 255 1257 296 --10-

367 374 484 426 gitur
514 372 586 414 illa
617 372 747 413 verba
778 382 888 423 quae
920 368 1121 412 Eteocles
1164 382 1258 412 cum
1290 371 1439 413 nuntio
1471 372 1524 415 de
1555 376 1721 426 septem
1753 373 1856 416 viris

366 442 485 492 fecit,
534 454 611 494 pro
656 439 938 492 explicatione
982 439 1285 492 catastrophae
1329 440 1527 483 habenda
1570 453 1675 485 esse.
1737 441 1855 496 Sept.

370 515 604 563 lOlOsqq.:
650 509 808 551 Praeco
841 509 983 551 subito
1016 510 1211 562 procedit
1251 513 1299 552 ut
1342 510 1512 552 nuntiet
1542 510 1644 564 quid
1682 515 1858 556 senatus
1940 514 1947 579 ’ἲ

367 581 419 622 de
450 591 626 632 corpore
655 578 844 620 Eteoclis
886 582 931 620 et
961 578 1172 633 Polynicis
1214 579 1497 622 constituerit.
1562 579 1642 623 Hic
1679 581 1857 624 nuntius

366 649 552 691 animum
582 648 824 701 Antigonae
856 661 880 690 a
914 649 1135 702 questibus
1168 649 1222 690 ad
1254 647 1438 691 officium
1471 650 1603 692 vertit
1620 648 1666 706 ²).
1717 649 1859 694 Prom.

367 719 446 760 201
464 729 553 771 sqq.
615 717 664 759 In
711 717 789 760 hac
833 718 1057 770 tragoedia
1104 718 1214 760 actio
1262 731 1346 760 non
1393 717 1471 769 fit,
1515 720 1591 762 sed
1634 722 1728 762 tota
1770 722 1858 763 tra·
1943 722 1950 729 ²

368 787 522 840 goedia
553 787 607 829 ad
638 787 681 829 id
713 790 903 840 spectat,
948 790 996 828 ut
1035 799 1174 829 mores
1206 786 1349 830 herois
1381 788 1659 841 explicentur.
1723 788 1859 840 Quam
1941 813 1944 818 ·

366 857 418 899 ob
465 869 555 899 rem
587 857 890 899 Prometheum
930 859 1060 909 poeta
1103 856 1275 909 saepius
1316 856 1419 899 facit
1464 861 1712 902 narrantem
1755 859 1859 913 quid

365 927 463 968 olim
499 926 613 968 inter
643 926 835 967 homines
867 926 1051 978 gesserit
1082 925 1133 967 cf.
1169 929 1247 967 201
1266 938 1381 979 sqq.;
1416 927 1500 968 436
1513 938 1628 980 sqq.;
1668 929 1857 982 47fisqq.
1905 962 1908 963 γ

367 995 413 1037 Io
456 1008 493 1038 v.
529 998 606 1037 561
651 1007 882 1048 progressa
922 1007 986 1037 vv.
1022 997 1250 1037 645—682
1296 995 1408 1038 mala
1454 995 1607 1049 quibus
1653 991 1861 1050 oppressa

366 1065 423 1107 sit
468 1067 655 1106 enarrat.
729 1064 847 1106 Inter
893 1065 1161 1106 narrationes
1209 1064 1337 1107 etiam
1385 1065 1585 1107 vaticinia
1615 1065 1860 1108 Promethei
1915 1105 1917 1109 .

366 1134 564 1175 habenda
595 1145 689 1176 esse
721 1146 805 1175 non
834 1134 1098 1187 negabimus.
1151 1133 1260 1175 Nam
1292 1133 1419 1176 heros
1450 1146 1687 1188 praesagus
1717 1135 1859 1177 omnia

366 1203 513 1245 futura
545 1204 694 1245 eodem
725 1203 849 1245 modo
883 1215 965 1256 quo
997 1206 1194 1257 tempora
1224 1203 1463 1256 praeterita
1493 1204 1572 1246 scit
1603 1207 1648 1247 et
1677 1216 1859 1247 narrare

366 1276 512 1326 potest
535 1272 585 1314 cf.
604 1276 851 1325 701—7353
877 1276 1125 1324 790—8153
1149 1276 1391 1315 829—872.
1423 1273 1566 1316 Etiam
1590 1286 1626 1316 v.
1647 1275 1757 1317 1016
1770 1274 1860 1328 'sqq.

367 1342 614 1384 vaticinatio
637 1343 854 1384 invenitur
885 1355 969 1396 qua
1002 1343 1103 1395 quid
1135 1342 1328 1385 futurum
1361 1343 1417 1385 sit
1440 1343 1694 1396 explicatur.
1742 1341 1861 1386 Haec
1890 1368 1894 1371 -

366 1415 511 1454 autem
534 1412 779 1454 vaticinatio
801 1424 885 1454 non
902 1413 1091 1454 narratio
1110 1415 1181 1455 >est
1203 1415 1251 1454 ut
1268 1412 1513 1455 Promethei
1530 1412 1858 1455 antecedentes:

367 1493 469 1534 pars
493 1481 697 1523 orationis
722 1482 1007 1523 1005—1035
1031 1485 1109 1531 est,
1144 1481 1258 1534 quod
1274 1482 1512 1524 Mercurius
1534 1484 1583 1524 ut
1602 1481 1862 1535 persuadeat

366 1550 635 1600 Prometheo,
670 1563 762 1592 eam
796 1551 982 1592 adhibet.
1044 1551 1123 1603 Ag.
1159 1553 1237 1592 281
1256 1563 1345 1605 sqq.
1389 1550 1700 1605 Clytaemestra
1731 1550 1860 1593 choro

366 1632 405 1661 v.
440 1623 523 1662 280
564 1621 806 1673 inquirente
847 1620 991 1662 statim
1037 1632 1206 1662 cursum
1238 1621 1401 1673 ignium
1433 1619 1580 1663 multis
1611 1618 1867 1669 verbis'dee

368 1689 515 1731 scribit
562 1690 683 1742 quasi
714 1689 808 1743 ipsa
850 1690 1047 1732 incendia
1089 1689 1131 1731 in
1163 1690 1378 1732 montibus
1410 1689 1578 1732 viderit.
1641 1687 1734 1732 Hae
1764 1701 1863 1732 nar-

367 1759 533 1801 ratione
577 1758 703 1801 choro
749 1771 859 1801 nova
901 1771 970 1801 res
1012 1759 1247 1801 nuntiatur.
1320 1760 1398 1813 Ag.
1433 1762 1662 1802 650—670
1706 1769 1861 1812 praeco

368 1831 594 1880 postquam
628 1828 754 1869 choro
787 1828 942 1869 iterum
964 1829 1205 1880 iterumque
1227 1828 1522 1882 interrogante
1552 1830 1691 1869 totum
1722 1826 1861 1870 fatum

367 1896 551 1938 Menelai
582 1908 660 1948 per
692 1896 1034 1950 stichomythiam
1067 1896 1308 1949 explicavit,
1358 1909 1425 1938 vv.
1460 1899 1688 1939 650-670
1719 1896 1863 1950 perni-

369 1965 474 2008 ciem
516 1965 688 2007 navium
736 1966 923 2018 exponit.
995 1965 1183 2019 Choeph.
1219 1968 1446 2008 674—687
1495 1965 1672 2008 Orestes
1714 1968 1863 2008 narrat

369 2033 616 2087 Strophium
649 2034 728 2076 sibi
760 2035 804 2076 in
836 2035 905 2076 via
928 2035 1126 2088 Argolica
1147 2035 1415 2078 mandavisse
1446 2038 1495 2077 ut
1515 2035 1642 2089 Argis
1664 2034 1861 2078 Orestem

369 2107 582 2145 mortuum
614 2116 709 2146 esse
739 2104 922 2146 nuntiet.
983 2104 1076 2146 Hoc
1106 2105 1225 2147 brevi
1263 2105 1509 2147 narratione
1539 2108 1656 2147 certo
1688 2103 1862 2147 consilio

368 2172 545 2226 profert,
593 2177 641 2215 ut
674 2173 1027 2227 Clytaemestram
1072 2175 1271 2228 decipiat.
1333 2175 1456 2217 Eum.
1493 2175 1664 2217 39—59
1705 2171 1864 2228 Pythia

369 2243 411 2284 in
442 2242 620 2295 prologo
653 2256 677 2284 a
708 2256 746 2285 v.
782 2246 854 2285 39.
880 2243 1028 2296 incipit
1061 2244 1161 2295 quid
1193 2244 1235 2285 in
1268 2244 1428 2296 templo
1460 2244 1616 2285 viderit
1647 2243 1861 2297 explicare

290 2340 295 2345 ψ
344 2312 546 2367 (optime
579 2313 631 2354 de
662 2312 727 2353 his
760 2325 825 2354 vv.
859 2315 1069 2364 quatenus
1102 2324 1126 2353 a
1157 2312 1346 2365 prologis
1369 2311 1616 2365 Euripideis
1649 2312 1860 2363 differant,

371 2381 529 2423 scholia
565 2382 689 2441 adv.
723 2384 776 2422 47
809 2381 996 2433 ascripta
1028 2381 1282 2434 disputant).

1082 2495 1135 2536 11.

486 2565 604 2608 Inter
625 2564 883 2618 Euripideas
904 2565 1171 2607 narrationes
1194 2564 1332 2606 nuntii
1363 2567 1526 2606 certam
1547 2563 1725 2606 formam
1755 2576 1862 2617 prae

373 2647 417 2676 se
449 2634 604 2677 ferunt.
666 2635 839 2676 Rassow
879 2634 992 2676 enim
1032 2634 1276 2675 observavit
1316 2633 1586 2675 narrationes
1616 2632 1861 2675 nuntiorum

374 2716 543 2756 semper
573 2704 722 2746 eodem
754 2703 878 2745 modo
909 2703 952 2744 in
983 2703 1229 2755 tragoedias
1260 2702 1391 2744 inseri
1432 2705 1476 2744 et
1507 2702 1626 2754 leges
1656 2701 1862 2755 plurimas

496 2817 531 2861 1)
558 2815 604 2851 cf.
631 2828 664 2851 v.
691 2815 776 2851 Wil.
803 2815 867 2850 rel.
904 2813 1004 2849 acad.
1032 2814 1150 2849 Berol.
1180 2816 1281 2858 1903,
1308 2814 1376 2848 436
1391 2823 1468 2856 sqq.
1505 2815 1542 2847 et
1566 2810 1706 2846 Wundt
1731 2811 1862 2847 Philol.
1940 2832 1946 2838 .

374 2876 431 2919 65,
451 2877 519 2910 357
534 2886 612 2920 sqq.
