1936 3276
795 620 1094 686 conspectus
1133 623 1411 688 argumenti.

350 723 591 759 Prooemium.

396 783 424 818 Ι.
452 782 566 826 Quem
592 783 711 819 locum
736 784 967 820 narrationes
1000 785 1037 820 in
1063 784 1262 830 tragoediis
1288 786 1485 822 obtineant.
1535 798 1570 832 p.
1598 789 1630 823 3.

399 842 444 877 II.
471 841 526 877 De
554 842 704 888 singulis
730 844 1015 880 narrationibus.

447 901 482 946 1)
508 901 564 937 De
589 901 872 947 Euripideorum
897 903 1108 939 nuntiorum
1134 904 1417 940 narrationibus.

492 960 527 1007 a)
555 959 599 996 de
625 965 726 996 certa
752 960 881 998 forma.
931 974 965 1007 p.
997 965 1053 998 10.

493 1019 532 1065 b)
560 1019 605 1055 de
630 1024 855 1065 argumento.
905 1033 940 1066 p.
970 1024 1025 1058 12.

493 1079 527 1124 c)
554 1078 598 1114 de
625 1083 705 1115 arte
730 1079 915 1116 narrandi.
1791 1132 1793 1134 ι

543 1139 582 1183 α)
610 1138 697 1183 quid
722 1138 926 1175 intercedat
951 1141 1049 1176 inter
1074 1141 1305 1178 narrationes
1331 1144 1368 1176 et
1384 1151 1577 1186 personam
1593 1141 1730 1179 nuntii:
1755 1153 1846 1179 nun-

605 1198 679 1233 tius
705 1197 743 1233 id
768 1198 885 1234 solum
902 1204 1031 1235 narrat
1050 1199 1147 1245 quod
1163 1199 1264 1236 vidit.
1303 1211 1338 1245 p.
1367 1203 1421 1236 17.
1447 1220 1494 1227 —-
1519 1199 1709 1240 affectibus
1725 1201 1846 1238 nuntii

602 1260 682 1292 tota
700 1257 864 1293 narratio
883 1258 1035 1303 impleta
1053 1262 1119 1295 est.
1160 1271 1194 1304 p.
1222 1261 1278 1295 23.
1307 1279 1351 1286 —
1377 1258 1566 1304 ἠθοποιία
1584 1258 1697 1296 deest.
1733 1271 1768 1306 p.
1786 1262 1844 1297 28.

541 1316 579 1362 β)
607 1315 651 1351 de
676 1317 819 1352 ratione
845 1316 1093 1354 describendi:
1120 1318 1165 1354 de
1190 1317 1380 1363 diligentia
1405 1329 1498 1363 quae
1523 1318 1675 1365 singulis
1699 1318 1738 1355 in
1761 1329 1845 1365 par-

602 1375 700 1412 tibus
727 1375 931 1412 adhibetur.
983 1389 1018 1422 p.
1044 1380 1102 1415 28.
1128 1398 1172 1404 -—
1199 1377 1243 1413 de
1268 1378 1382 1413 initiis
1409 1381 1446 1414 et
1462 1377 1594 1414 finibus
1619 1378 1844 1424 singularum

606 1435 777 1480 partium.
828 1447 863 1481 p.
892 1438 948 1472 30.
989 1457 1033 1463 —
1074 1437 1119 1473 de
1156 1436 1401 1482 descriptione
1438 1437 1651 1474 circuitione
1687 1436 1845 1483 quadam

602 1494 715 1530 facta.
763 1506 798 1540 p.
826 1498 883 1531 32.
923 1516 967 1523 ——
1007 1496 1052 1532 de
1087 1496 1333 1541 descriptione
1359 1507 1508 1532 morum.
1556 1508 1592 1542 p.
1617 1497 1675 1533 34.
1711 1515 1760 1523 —-
1798 1495 1844 1532 de

604 1553 771 1589 oratione
797 1553 947 1590 directa.
998 1566 1033 1600 p.
1059 1558 1116 1591 36.
1144 1576 1189 1581 —
1215 1554 1260 1590 de
1295 1554 1603 1591 similitudinibus.
1653 1566 1688 1600 p.
1715 1556 1771 1591 38.
1798 1573 1844 1582 —

601 1612 646 1648 de
672 1612 918 1658 descriptione
944 1624 1076 1650 rerum.
1126 1626 1162 1659 p.
1188 1616 1246 1650 40.
1304 1623 1306 1626 ·

491 1671 531 1717 (1)
557 1671 602 1708 de
628 1671 786 1708 dictione
812 1673 926 1718 epiea.
977 1686 1011 1719 p.
1039 1676 1095 1710 41.

443 1731 480 1777 2)
507 1731 562 1767 De
588 1732 718 1767 ceteris
745 1732 1018 1769 narrationibus
1046 1732 1267 1778 Euripideis.

491 1791 527 1837 a)
555 1790 600 1826 de
626 1792 859 1836 prologorum
885 1796 965 1828 arte
991 1791 1177 1828 narrandi.
1227 1804 1263 1838 p.
1290 1793 1347 1828 44.

490 1849 530 1894 b)
556 1849 601 1884 de
620 1845 679 1885 'eis
715 1851 987 1886 narrationibus
1026 1852 1156 1896 quibus
1190 1862 1321 1887 novum
1357 1854 1576 1887 momentum
1599 1850 1637 1885 in
1662 1850 1843 1886 actionem

554 1907 749 1954 inducitur.
800 1921 835 1954 p.
863 1911 919 1945 48.

442 1967 479 2013 3)
504 1967 561 2003 De
595 1968 866 2003 narrationibus
902 1968 1112 2013 Sophocleis
1149 1979 1302 2013 quarum
1336 1968 1454 2004 forma
1489 1966 1537 2004 ad
1560 1967 1707 2004 nuntios
1735 1966 1839 2004 Euri·

504 2026 632 2075 pideos
659 2026 826 2070 quadrat.
878 2039 912 2072 p..
940 2029 998 2062 50.

440 2085 479 2131 4)
505 2085 560 2121 De
586 2086 716 2121 ceteris
742 2086 1014 2122 narrationibus
1041 2086 1264 2131 Sophocleis.
1314 2098 1348 2131 p.
1377 2088 1432 2122 58.

440 2144 479 2190 5)
507 2145 562 2180 De
588 2145 760 2190 Aeschyli
784 2145 1070 2181 narrationibus.
1120 2157 1154 2190 p.
1182 2148 1239 2181 61.

392 2203 456 2239 ΙΙΙ.
484 2203 597 2248 Quem
622 2203 741 2239 locum
766 2205 996 2240 narrationes
1031 2205 1069 2239 in
1095 2203 1294 2249 deperditis
1324 2202 1522 2249 tragoediis
1547 2206 1585 2239 et
1611 2201 1779 2248 pristinis
1804 2205 1842 2238 et

487 2262 597 2298 trium
623 2263 844 2308 tragicorum
871 2263 1108 2298 obtinuerint.
1158 2275 1193 2307 p.
1223 2265 1279 2298 65.

349 2320 558 2366 Appendix.
