1950 3308
964 271 1253 311 —48-

364 389 532 431 Iocasta
576 388 897 439 προλογίζουσα
941 385 1072 427 verba
1104 385 1196 427 Laii
1240 386 1336 439 ipsa
1378 385 1502 429 affert
1542 387 1655 442 quod
1699 387 1753 430 ab
1790 386 1856 430 his

365 458 507 499 verbis
552 469 619 497 res
663 455 898 497 miserrima
929 454 1111 508 incepta,
1157 467 1270 497 mors
1306 456 1443 508 patris
1474 467 1500 497 a
1530 455 1617 498 filio
1643 455 1854 511 perfecta,

369 527 555 569 animum
599 526 690 566 eius
735 524 1012 566 vehementer
1054 523 1195 566 afficit.
1258 524 1398 567 Etiam
1443 524 1512 567 hic
1553 525 1857 579 igitur-*verba

372 597 533 637 directa
565 594 764 635 dicuntur
794 605 877 636 non
908 598 957 636 ut
988 598 1184 636 naturam
1217 595 1452 645 imitentur,
1485 595 1563 638 sed
1593 586 1853 639 affectabo·

368 665 525 705 minum
558 665 806 714 moventur3
843 663 947 705 item
980 663 1105 705 Herc.
1140 664 1242 715 74l5
1273 676 1342 706 res
1373 676 1419 705 se
1450 664 1594 707 habet.
1628 689 1682 697 —-
1715 662 1856 708 Etiam
1924 690 1925 693 =

366 738 660 775 ornamentum
695 733 1018 778 similitudinum
1051 733 1094 775 in
1125 726 1440 776 narrationibus
1462 735 1738 788 prologorum
1758 746 1857 778 raro

366 803 620 853 adhibetur3
653 806 742 846 tres
773 806 967 846 exstant:
1002 803 1115 845 Med.
1150 806 1216 846 28.
1250 803 1352 846 Hec.
1376 807 1443 846 20.
1477 804 1550 847 Or.
1579 808 1647 847 45.
1678 829 1737 835 —-
1767 804 1858 847 Iam

364 873 443 914 ho'c
475 874 580 915 satis
611 872 748 915 habeo
781 873 914 914 etiam·
943 876 1080 914 artem
1112 873 1314 914 narrandi
1345 885 1454 926 quae
1485 874 1529 916 in
1559 874 1703 927 priore
1733 878 1858 928 parte

366 943 641 995 prologorum
693 941 1024 994 Euripideorum
1086 941 1355 992 adhibeatur,
1412 954 1495 984 non
1546 946 1596 985 ut
1643 943 1859 997 longiores

371 1011 639 1054 narrationes
682 1011 930 1052 nuntiorum
973 1010 1199 1053 formatam
1233 1023 1340 1063 esse,
1381 1012 1457 1054 sed
1489 1024 1542 1054 ex
1573 1012 1752 1066 origine,
1783 1024 1856 1055 ex-

367 1080 593 1134 positione,
627 1080 848 1134 proprium
882 1092 1017 1133 genus
1049 1081 1221 1124 habere.

484 1150 548 1192 De
589 1151 650 1192 eis
693 1150 1023 1203 narrationibus,
1065 1150 1218 1204 quibus
1256 1151 1366 1193 actio
1397 1163 1506 1194 nova
1537 1163 1584 1194 re
1614 1148 1858 1206 in'tragoe-

367 1220 480 1262 diam
521 1219 695 1262 inducta
735 1224 931 1263 movetur
971 1221 1161 1262 breviter
1201 1223 1332 1274 atque
1362 1220 1406 1262 in
1439 1220 1684 1272 universum
1713 1212 1859 1276 dispu-

367 1290 544 1332 tandum
576 1293 655 1332 est.
719 1290 813 1332 Hae
845 1290 955 1332 enim
978 1291 1248 1333 narrationes
1270 1290 1510 1344 plerunque
1530 1302 1690 1344 paucos
1713 1301 1862 1334 versus

366 1360 593 1413 complent,
639 1361 753 1413 quod
799 1372 883 1402 non
916 1360 1056 1414 imago
1090 1361 1362 1414 depingenda
1410 1364 1488 1411 est,
1535 1361 1612 1404 sed
1642 1356 1685 1404 id
1725 1359 1862 1404 solu-m

367 1430 472 1472 satis
515 1442 605 1472 rem
648 1442 798 1472 novam
844 1430 992 1483 paucis
1036 1430 1178 1472 verbis
1219 1431 1376 1474 actioni
1407 1430 1658 1484 tragoediae
1688 1429 1862 1473 inferre.

366 1499 520 1552 Itaque
561 1499 748 1542 brevitas
792 1499 944 1542 harum
986 1500 1280 1542 narrationum
1321 1512 1373 1542 ex
1403 1500 1498 1554 ipsa
1528 1501 1684 1543 natura
1713 1511 1863 1543 earum

367 1569 585 1623 sequitur3
619 1569 669 1611 cf.
704 1569 808 1611 Hec.
844 1572 1085 1612 220—224.

542 1638 649 1690 ἔδοξ’
682 1638 868 1694 Ἀχαιοῖς
904 1639 1039 1680 παῖδα
1072 1640 1155 1693 σὴν
1187 1637 1448 1692 Πολυξένην

548 1708 709 1762 σφάξαι
740 1709 851 1763 πρὸς
881 1708 1025 1762 ὀρθὸν
1056 1707 1157 1763 χεῦμ’
1189 1707 1427 1764 Ἀχιλλείου
1457 1708 1617 1763 τάφου.

545 1778 654 1832 ἡμᾶς
685 1776 733 1819 δὲ
765 1779 968 1831 πομποὺς
997 1776 1066 1819 καὶ
1101 1783 1366 1832 κομιστῆρας
1397 1778 1532 1832 κόρης

546 1847 788 1888 τάσσουσιν
820 1844 954 1888 εἶναι’
985 1848 1186 1899 θύματος
1217 1846 1254 1887 δ’
1288 1845 1518 1899 ἐπιστάτης

547 1915 688 1967 ἱερεύς
717 1914 749 1956 τ’
785 1914 960 1956 ἐπέσται
990 1916 1120 1956 τοῦδε
1153 1922 1255 1964 παῖς
1281 1913 1524 1969 Ἀχιλλέως.

371 1985 521 2027 Ulixes
553 1985 740 2037 quinque
771 1984 839 2026 vel
870 1984 1013 2037 potius
1046 1983 1211 2025 duobus
1242 1983 1411 2026 tantum
1443 1983 1638 2027 versibus
1661 1982 1866 2026 Hecubae

370 2055 544 2096 nuntiat
582 2052 713 2096 filiam
753 2053 795 2095 in
836 2053 1001 2095 tumulo
1036 2052 1208 2094 Achillis
1239 2052 1541 2096 immolandam
1572 2065 1689 2104 esse3
1735 2058 1780 2095 et
1810 2065 1866 2094 ne

373 2135 564 2165 causam.
589 2123 760 2176 quidem
803 2135 878 2165 cur
923 2122 1002 2164 hoc
1034 2121 1203 2174 Argivis
1249 2122 1384 2164 visum
1426 2122 1483 2164 sit
1524 2121 1657 2164 addit.
1717 2121 1767 2164 In
1798 2121 1865 2164 his

374 2193 569 2235 versibus
611 2192 726 2234 nulla
770 2192 1001 2244 descriptio
1044 2191 1299 2242 continetur,
1342 2192 1417 2233 sed
1449 2203 1518 2234 res
1549 2191 1639 2234 sola
1667 2190 1866 2244 quae'ad

375 2262 583 2304 actionem
627 2266 706 2304 est.
768 2262 824 2303 Et
863 2261 1038 2302 nuntius
1070 2260 1237 2302 Ulixem
1276 2274 1386 2303 nunc
1418 2261 1676 2314 Polyxenam
1708 2261 1867 2310 abduc—

374 2336 519 2373 turum
552 2343 646 2374 esse
681 2356 727 2361 -—
763 2330 807 2372 id
837 2330 949 2383 quod
981 2329 1190 2372 actionem
1222 2331 1517 2382 insequentem
1541 2334 1683 2372 movet
1715 2355 1768 2360 -
1802 2334 1865 2373 to-

377 2401 509 2443 tidem
554 2400 746 2443 versibus
785 2399 1003 2453 profertur
1046 2403 1151 2452 quot
1194 2399 1264 2441 ille
1307 2400 1564 2452 Polyxenam
1604 2399 1864 2442 caedendam

372 2481 481 2512 esse.
552 2471 582 2511 Ι.
607 2470 652 2512 Τ.
692 2467 965 2523 940—9781)
1009 2468 1186 2511 Orestes
1231 2468 1481 2522 Iphigeniae
1525 2468 1740 2521 explicare
1784 2468 1866 2510 sibi

498 2598 532 2642 1)
559 2597 585 2632 Ι.
605 2597 645 2632 Τ.
681 2607 806 2632 versus
832 2598 1018 2632 979—982
1054 2596 1091 2630 in
1126 2596 1268 2640 epilogo
1304 2606 1370 2640 per
1405 2595 1690 2640 dittographiam
1723 2594 1866 2630 additos

376 2658 421 2691 ab
447 2656 624 2702 Euripide
651 2655 908 2691 abiudicandos
935 2665 1014 2690 esse
1041 2665 1179 2690 censeo.
1230 2655 1323 2689 Nam
1348 2655 1503 2699 primum
1528 2654 1624 2690 inter
1649 2654 1716 2690 hos
1741 2664 1867 2689 versus

377 2720 461 2750 sunt
488 2716 549 2759 qui
583 2714 678 2751 idem
712 2714 807 2759 quod
842 2725 965 2750 versus
991 2715 1222 2757 insequentes
1259 2714 1484 2759 exprimunt3
1520 2713 1567 2749 cf.
1594 2717 1631 2749 et
1656 2724 1709 2749 vv.
1736 2714 1869 2757 979s80

378 2777 414 2808 et
433 2776 501 2808 984
521 2774 667 2810 Orestes
695 2785 856 2809 sororem
881 2773 1050 2809 admonet
1076 2777 1116 2808 ut
1144 2784 1182 2808 se
1209 2777 1327 2809 servet
1353 2773 1414 2818 (cf.
1441 2773 1478 2807 in
1504 2776 1659 2816 utraque
1688 2771 1869 2808 sententia

377 2833 541 2876 imperat.
570 2843 643 2867 aor.
672 2835 724 2878 1);
767 2837 958 2878 praeterea
997 2843 1121 2867 versus
1160 2835 1230 2867 980
1268 2830 1322 2876 ἢν
1359 2831 1429 2876 γὰρ
1468 2833 1588 2870 θεᾶς
1628 2829 1868 2876 κατάσχωμεν

377 2890 555 2938 βρέτας
580 2892 765 2937 paululum
793 2895 951 2928 mutatus
978 2891 1072 2927 redit
1098 2892 1133 2925 in
1160 2904 1189 2926 v.
1209 2893 1277 2926 986
1304 2889 1484 2935 οὐράνιον
1509 2888 1544 2925 el
1567 2888 1616 2935 μὴ
1643 2887 1869 2935 ληψόμεσθα
