1950 3308
340 384 415 425 sed
462 385 714 425 ornamenta
762 380 904 422 oculos
960 383 1004 421 et
1049 384 1234 422 mentem
1280 379 1551 434 corripuisse.
1628 381 1823 424 Alterum

340 452 582 505 exemplum
615 452 657 492 in
689 450 796 492 Jone
832 452 1115 491 1146-—1162
1149 452 1314 492 exstat:
1358 452 1520 493 tectum
1558 450 1825 495 tabernaculi

339 522 655 565 accuratissime
687 519 956 569 describitur,
988 519 1221 572 imaginum
1253 523 1398 562 autem
1435 531 1544 573 quae
1575 519 1618 563 in
1649 521 1824 574 parieti-

341 593 418 634 bus
452 591 648 643 depictae
679 594 817 639 erant,
851 589 963 631 tituli
999 589 1077 631 soli
1107 588 1356 633 afferuntur.
1419 589 1583 632 Deinde
1613 591 1824 644 quomodo

340 672 577 713 praecones
608 658 815 712 populum
847 659 1125 701 invitaverint
1165 662 1209 700 et
1240 659 1424 712 populus
1457 660 1687 710 cenaverit,
1729 659 1826 703 bre·

339 730 431 771 vius
464 742 530 770 vv.
558 731 842 770 1166-1170
874 731 1089 770 narratur.
1151 728 1293 770 Etiam
1335 729 1378 770 in
1418 728 1556 781 prima
1586 731 1712 782 parte
1753 729 1830 773 de·.

337 799 579 852 scriptionis
611 810 737 851 quam
769 797 944 839 nuntius
967 798 1030 855 ¹in
1063 797 1359 840 Andromacha
1399 797 1577 851 profert,
1620 799 1824 853 inaequa-

339 867 482 910 biliter
523 870 736 909 narratur.
798 866 985 909 Nuntius
1031 867 1143 908 enim
1190 869 1475 909 loeo—1099
1507 871 1708 913 accurate
1750 868 1823 911 de-

338 937 485 979 scribit
525 937 734 990 quomodo
778 935 955 978 Orestes
995 935 1199 989 populum
1250 935 1322 988 qui
1361 935 1553 989 Delphos
1594 936 1742 980 incolit
1780 941 1825 980 et

338 1007 616 1060 magistratus
648 1005 727 1048 sibi
759 1005 1070 1056 conciliaverit3
1113 1005 1214 1047 item
1247 1016 1314 1047 vv.
1352 1007 1632 1048 1100-1111
1666 1005 1825 1051 incolas

337 1066 666 1129 Neoptolemum
687 1075 951 1128 comitesque
973 1087 1128 1128 magna
1149 1087 1243 1117 cum
1266 1074 1507 1128 suspicione
1529 1075 1824 1129 conspexisse;

337 1159 404 1188 vv.
431 1148 715 1187 1111-1115
747 1146 892 1186 autem
925 1145 1072 1197 paucis
1103 1148 1270 1186 tantum
1303 1145 1445 1187 verbis
1476 1144 1610 1189 refert
1635 1142 1824 1199 Neopto-

337 1216 493 1258 lemum
525 1216 568 1257 in
600 1214 807 1267 templum
839 1214 939 1256 iisse
972 1227 1054 1268 quo
1087 1213 1263 1257 Orestes
1295 1214 1335 1256 ei
1374 1214 1551 1257 insidias
1580 1214 1822 1268 paraverit;

337 1285 452 1327 nullo
484 1285 617 1337 igitur
648 1285 740 1326 loco
773 1308 829 1313 —
861 1285 974 1336 quod
1017 1287 1115 1337 post
1155 1284 1251 1326 illas
1291 1283 1472 1326 subtiles
1515 1283 1825 1337 descriptiones

338 1358 634 1407 exspectamus
679 1378 735 1382 —
783 1353 988 1395 describit
1035 1354 1246 1406 quomodo
1293 1353 1468 1396 Orestes
1527 1352 1720 1396 homines
1769 1353 1825 1397 ad

337 1425 508 1466 caedem
566 1423 912 1465 committendam
966 1423 1215 1483 conduxerit
1266 1426 1309 1465 et
1359 1423 1536 1466 insidias
1588 1423 1822 1476 paraverit.

338 1493 462 1535 Tales
485 1493 728 1535 debilitates
751 1491 1051 1545 descriptionis
1073 1493 1115 1534 in
1142 1492 1419 1545 catastropha
1451 1492 1545 1545 ipsa
1571 1491 1825 1548 explicanda

336 1575 419 1605 non
451 1563 726 1605 inveniuntur
761 1562 842 1604 nisi
882 1562 926 1603 in
967 1561 1038 1604 Or.
1061 1565 1315 1613 884-890;
1346 1562 1426 1604 hac
1458 1563 1570 1604 enim
1600 1562 1822 1605 innarra-

336 1633 452 1675 tione
483 1632 658 1674 nuntius
690 1632 904 1674 orationes
935 1632 1088 1685 quibus
1113 1631 1271 1674 habitis
1294 1631 1471 1675 Orestes
1493 1631 1720 1675 damnatus
1751 1631 1821 1682 sit,
1887 1667 1893 1674 ,

335 1703 517 1748 reddere
549 1702 630 1744 sibi
661 1702 909 1755 proposuit3
942 1701 1078 1743 oratio
1110 1705 1253 1743 autem
1286 1700 1453 1744 Orestis
1484 1701 1618 1744 multo
1650 1713 1832 1747 accures

335 1772 420 1814 tius
468 1772 608 1814 verbis
652 1771 834 1814 derectis
877 1770 1063 1813 refertur
1109 1783 1234 1824 quam
1267 1774 1506 1813 ceterorum
1547 1771 1837 1824 Argivorum.⁸

334 1840 469 1882 Poeta
508 1841 586 1882 hoc
627 1853 677 1882 ea
718 1841 769 1882 de
813 1853 940 1883 causa
982 1840 1092 1890 fecit,
1133 1840 1247 1893 quod
1289 1840 1527 1882 orationem
1567 1839 1735 1883 Orestis
1774 1842 1823 1882 ut

336 1909 646 1962 comperiamus
690 1909 861 1951 maioris
895 1909 1096 1951 momenti
1138 1913 1204 1951 est
1248 1913 1292 1951 et
1333 1909 1470 1951 oratio
1503 1908 1670 1951 Orestis
1712 1918 1855 1962 quae‘

335 1979 379 2020 in
409 1978 493 2020 fine
524 1978 858 2021 enumerationis
890 1978 1129 2020 orationum
1160 1978 1336 2031 ponitur
1367 1978 1508 2020 verbis
1545 1978 1650 2030 ipsis
1680 1977 1823 2020 allatis

335 2049 379 2090 in
410 2048 546 2091 maius
578 2047 767 2090 effertur.

451 2118 556 2160 Pars
588 2118 848 2159 narrationis
871 2115 1070 2166 efficitur,
1103 2129 1196 2158 cum
1219 2116 1362 2169 aliqua
1393 2116 1504 2159 actio
1536 2117 1590 2159 ad
1612 2116 1824 2170 quendam

336 2187 463 2229 finem
496 2187 735 2230 deducitur.
799 2187 855 2228 Et
887 2186 1059 2239 saepius
1089 2198 1142 2228 ex
1173 2185 1269 2239 ipsa
1300 2184 1586 2238 descriptione
1609 2185 1825 2240 cognosci-

338 2269 430 2298 mus
476 2261 643 2308 partem
690 2256 823 2309 finiri;
873 2257 991 2298 velut
1024 2256 1200 2297 nuntius
1231 2255 1274 2296 in
1305 2255 1460 2297 Medea
1492 2255 1824 2308 descriptionem

338 2325 492 2367 amoris
525 2338 607 2378 quo
640 2323 803 2366 Creusa
834 2324 962 2365 rebus
1003 2323 1200 2365 inanibus
1242 2323 1404 2373 studet,
1446 2322 1525 2365 hoc
1566 2323 1690 2366 modo
1731 2323 1825 2367 finit

339 2406 404 2436 vv.
432 2396 712 2436 1163-1166

511 2461 669 2504 κᾶπειτ’
705 2462 913 2505 ἀναστᾶσ’
945 2460 991 2502 ἐκ
1021 2462 1203 2515 θρόνων
1235 2459 1452 2514 διέρχεται

511 2531 674 2586 στέγας,
708 2531 847 2586 ἁβρὸν
877 2531 1091 2585 βαίνουσα
1124 2529 1351 2586 παλλεύκῳ
1383 2529 1500 2581 ποδί,

513 2602 674 2656 δώροις
701 2601 1042 2656 ὑπερχαίρουσα,
1072 2599 1214 2645 πολλὰ
1245 2599 1459 2649 πολλάκις

513 2670 673 2714 τένοντ’
705 2669 750 2720 ἐς
781 2670 922 2724 ὀρθὸν
953 2669 1115 2723 ὄμμασι
1148 2667 1430 2722 σκοπουμένῃ

339 2740 449 2782 actio
482 2741 612 2793 igitur
643 2740 839 2783 subsistit
881 2751 1019 2792 neque
1067 2750 1135 2780 res
1181 2750 1291 2780 nova
1336 2737 1406 2780 fit:
1453 2738 1515 2780 ita
1560 2741 1823 2780 momentum

340 2810 545 2862 temporis
577 2810 689 2862 quod
723 2807 1040 2862 catastropham
1081 2807 1309 2858 antecedit,
1357 2806 1613 2850 describitur
1654 2809 1704 2848 ut
1733 2818 1823 2849 rem

340 2879 426 2921 iam
469 2878 512 2920 in
559 2879 798 2921 discrimine
843 2890 938 2921 esse
983 2878 1215 2920 sentiamus
1268 2880 1314 2919 et
1360 2888 1458 2919 mox
1504 2874 1823 2928 catastropham
