<?xml version="1.0" encoding="UTF-8"?>
<!DOCTYPE html PUBLIC "-//W3C//DTD XHTML 1.0 Transitional//EN"
    "http://www.w3.org/TR/xhtml1/DTD/xhtml1-transitional.dtd">
<html xmlns="http://www.w3.org/1999/xhtml" xml:lang="en" lang="en">
 <head>
  <title>
</title>
<meta http-equiv="Content-Type" content="text/html;charset=utf-8" />
  <meta name='ocr-system' content='tesseract 3.04.00' />
  <meta name='ocr-capabilities' content='ocr_page ocr_carea ocr_par ocr_line ocrx_word'/>
</head>
<body>
  <div class='ocr_page' id='page_1' title='image "./detragicorumatti00hennuoft_0078.png"; bbox 0 0 1936 3276; ppageno 0'>
   <div class='ocr_carea' id='block_1_1' title="bbox 1707 0 1936 153">
    <p class='ocr_par' dir='ltr' id='par_1_1' title="bbox 1707 0 1936 153">
     <span class='ocr_line' id='line_1_1' title="bbox 1707 0 1936 153; baseline 0 3123"><span class='ocrx_word' id='word_1_1' title='bbox 1707 0 1936 153; x_wconf 95' lang='lat' dir='ltr'> </span> 
     </span>
    </p>
   </div>
   <div class='ocr_carea' id='block_1_2' title="bbox 940 253 1269 313">
    <p class='ocr_par' dir='ltr' id='par_1_2' title="bbox 940 253 1269 313">
     <span class='ocr_line' id='line_1_2' title="bbox 940 253 1269 313; baseline 0.009 -2"><span class='ocrx_word' id='word_1_2' title='bbox 940 253 1269 313; x_wconf 33' lang='lat'><strong>—72-&#39;</strong></span> 
     </span>
    </p>
   </div>
   <div class='ocr_carea' id='block_1_3' title="bbox 334 378 1834 582">
    <p class='ocr_par' dir='ltr' id='par_1_3' title="bbox 334 378 1834 582">
     <span class='ocr_line' id='line_1_3' title="bbox 334 378 1834 443; baseline 0.001 -12"><span class='ocrx_word' id='word_1_3' title='bbox 334 389 484 432; x_wconf 37' lang='lat' dir='ltr'>*nuntii</span> <span class='ocrx_word' id='word_1_4' title='bbox 516 402 610 432; x_wconf 91' lang='lat' dir='ltr'>cum</span> <span class='ocrx_word' id='word_1_5' title='bbox 643 389 722 430; x_wconf 85' lang='lat' dir='ltr'>hac</span> <span class='ocrx_word' id='word_1_6' title='bbox 754 392 870 430; x_wconf 85' lang='lat' dir='ltr'>certa</span> <span class='ocrx_word' id='word_1_7' title='bbox 902 387 1038 430; x_wconf 81' lang='lat' dir='ltr'>forma</span> <span class='ocrx_word' id='word_1_8' title='bbox 1069 387 1271 430; x_wconf 89' lang='lat' dir='ltr'>cohaeret</span> <span class='ocrx_word' id='word_1_9' title='bbox 1285 386 1330 442; x_wconf 86' lang='grc'>1).</span> <span class='ocrx_word' id='word_1_10' title='bbox 1383 387 1475 431; x_wconf 91' lang='lat' dir='ltr'>Hoc</span> <span class='ocrx_word' id='word_1_11' title='bbox 1505 393 1650 443; x_wconf 77' lang='lat' dir='ltr'>autem</span> <span class='ocrx_word' id='word_1_12' title='bbox 1679 378 1834 434; x_wconf 84' lang='lat' dir='ltr'>nomen</span> 
     </span>
     <span class='ocr_line' id='line_1_4' title="bbox 342 450 1834 513; baseline 0.001 -11"><span class='ocrx_word' id='word_1_13' title='bbox 342 459 594 513; x_wconf 85' lang='lat' dir='ltr'>comprobat</span> <span class='ocrx_word' id='word_1_14' title='bbox 640 469 776 511; x_wconf 88' lang='lat' dir='ltr'>genus</span> <span class='ocrx_word' id='word_1_15' title='bbox 822 460 1041 499; x_wconf 89' lang='lat' dir='ltr'>vetustum</span> <span class='ocrx_word' id='word_1_16' title='bbox 1088 469 1196 500; x_wconf 84' lang='lat' dir='ltr'>esse.</span> <span class='ocrx_word' id='word_1_17' title='bbox 1257 458 1367 500; x_wconf 86' lang='lat' dir='ltr'>Nam</span> <span class='ocrx_word' id='word_1_18' title='bbox 1407 458 1533 501; x_wconf 84' lang='lat' dir='ltr'>choro</span> <span class='ocrx_word' id='word_1_19' title='bbox 1575 450 1710 513; x_wconf 75' lang='lat' dir='ltr'>simile</span> <span class='ocrx_word' id='word_1_20' title='bbox 1751 463 1834 512; x_wconf 82' lang='lat' dir='ltr'>est,</span> 
     </span>
     <span class='ocr_line' id='line_1_5' title="bbox 343 525 1014 582; baseline -0.003 -11"><span class='ocrx_word' id='word_1_21' title='bbox 343 527 457 582; x_wconf 54' lang='lat' dir='ltr'>Quod</span> <span class='ocrx_word' id='word_1_22' title='bbox 489 540 572 570; x_wconf 88' lang='lat' dir='ltr'>una</span> <span class='ocrx_word' id='word_1_23' title='bbox 603 539 758 569; x_wconf 88' lang='lat' dir='ltr'>munus</span> <span class='ocrx_word' id='word_1_24' title='bbox 789 525 1014 580; x_wconf 89' lang='lat' dir='ltr'>significat.</span> 
     </span>
    </p>
   </div>
   <div class='ocr_carea' id='block_1_4' title="bbox 955 723 1221 780">
    <p class='ocr_par' dir='ltr' id='par_1_4' title="bbox 955 723 1221 780">
     <span class='ocr_line' id='line_1_6' title="bbox 955 723 1221 780; baseline 0.004 -13"><span class='ocrx_word' id='word_1_25' title='bbox 955 723 1221 780; x_wconf 75' lang='lat' dir='ltr'>Appendix.</span> 
     </span>
    </p>
   </div>
   <div class='ocr_carea' id='block_1_5' title="bbox 287 804 1851 2599">
    <p class='ocr_par' dir='ltr' id='par_1_5' title="bbox 287 804 1851 2599">
     <span class='ocr_line' id='line_1_7' title="bbox 461 804 1837 859; baseline 0.003 -12"><span class='ocrx_word' id='word_1_26' title='bbox 461 805 697 859; x_wconf 87' lang='lat' dir='ltr'>Postquam</span> <span class='ocrx_word' id='word_1_27' title='bbox 728 805 807 847; x_wconf 91' lang='lat' dir='ltr'>hoc</span> <span class='ocrx_word' id='word_1_28' title='bbox 830 805 1079 859; x_wconf 89' lang='lat' dir='ltr'>opusculum</span> <span class='ocrx_word' id='word_1_29' title='bbox 1102 804 1275 856; x_wconf 83' lang='lat' dir='ltr'>confeci,</span> <span class='ocrx_word' id='word_1_30' title='bbox 1309 805 1426 848; x_wconf 90' lang='lat' dir='ltr'>edita</span> <span class='ocrx_word' id='word_1_31' title='bbox 1447 810 1514 850; x_wconf 84' lang='lat' dir='ltr'>est</span> <span class='ocrx_word' id='word_1_32' title='bbox 1534 807 1837 851; x_wconf 83' lang='lat' dir='ltr'>commentatio</span> 
     </span>
     <span class='ocr_line' id='line_1_8' title="bbox 342 865 1836 930; baseline 0.001 -12"><span class='ocrx_word' id='word_1_33' title='bbox 342 875 547 918; x_wconf 85' lang='lat' dir='ltr'>Iohannis</span> <span class='ocrx_word' id='word_1_34' title='bbox 590 865 731 918; x_wconf 87' lang='lat' dir='ltr'>Fischl</span> <span class='ocrx_word' id='word_1_35' title='bbox 763 875 828 917; x_wconf 90' lang='lat' dir='ltr'>De</span> <span class='ocrx_word' id='word_1_36' title='bbox 870 875 1032 917; x_wconf 87' lang='lat' dir='ltr'>nuntiis</span> <span class='ocrx_word' id='word_1_37' title='bbox 1068 874 1243 928; x_wconf 80' lang='lat' dir='ltr'>tragicis</span> <span class='ocrx_word' id='word_1_38' title='bbox 1274 874 1402 930; x_wconf 90' lang='lat' dir='ltr'>(Diss.</span> <span class='ocrx_word' id='word_1_39' title='bbox 1425 875 1607 918; x_wconf 90' lang='lat' dir='ltr'>Vindob.</span> <span class='ocrx_word' id='word_1_40' title='bbox 1637 875 1690 929; x_wconf 80' lang='lat' dir='ltr'>X.</span> <span class='ocrx_word' id='word_1_41' title='bbox 1724 880 1836 920; x_wconf 89' lang='lat'>1910</span> 
     </span>
     <span class='ocr_line' id='line_1_9' title="bbox 340 944 1851 999; baseline 0.001 -12"><span class='ocrx_word' id='word_1_42' title='bbox 340 959 381 998; x_wconf 86' lang='lat' dir='ltr'>p.</span> <span class='ocrx_word' id='word_1_43' title='bbox 419 944 550 999; x_wconf 83' lang='lat' dir='ltr'>lsq.).</span> <span class='ocrx_word' id='word_1_44' title='bbox 613 944 695 995; x_wconf 93' lang='lat' dir='ltr'>Qui</span> <span class='ocrx_word' id='word_1_45' title='bbox 735 945 1008 998; x_wconf 82' lang='lat' dir='ltr'>quaestiones</span> <span class='ocrx_word' id='word_1_46' title='bbox 1050 956 1156 997; x_wconf 90' lang='lat' dir='ltr'>quas</span> <span class='ocrx_word' id='word_1_47' title='bbox 1199 956 1331 997; x_wconf 88' lang='lat' dir='ltr'>supra</span> <span class='ocrx_word' id='word_1_48' title='bbox 1371 946 1422 987; x_wconf 88' lang='lat' dir='ltr'>de</span> <span class='ocrx_word' id='word_1_49' title='bbox 1464 945 1708 999; x_wconf 79' lang='lat' dir='ltr'>primordiis</span> <span class='ocrx_word' id='word_1_50' title='bbox 1737 957 1851 990; x_wconf 50' lang='lat' dir='ltr'>uar-¹</span> 
     </span>
     <span class='ocr_line' id='line_1_10' title="bbox 340 1014 1837 1068; baseline 0.001 -11"><span class='ocrx_word' id='word_1_51' title='bbox 340 1015 556 1057; x_wconf 85' lang='lat' dir='ltr'>rationum</span> <span class='ocrx_word' id='word_1_52' title='bbox 605 1015 864 1068; x_wconf 88' lang='lat' dir='ltr'>tragicarum</span> <span class='ocrx_word' id='word_1_53' title='bbox 911 1014 1037 1065; x_wconf 87' lang='lat' dir='ltr'>movi,</span> <span class='ocrx_word' id='word_1_54' title='bbox 1086 1014 1253 1056; x_wconf 89' lang='lat' dir='ltr'>solvere</span> <span class='ocrx_word' id='word_1_55' title='bbox 1299 1014 1466 1057; x_wconf 90' lang='lat' dir='ltr'>studuit</span> <span class='ocrx_word' id='word_1_56' title='bbox 1511 1018 1556 1058; x_wconf 83' lang='lat' dir='ltr'>et</span> <span class='ocrx_word' id='word_1_57' title='bbox 1600 1015 1736 1058; x_wconf 81' lang='lat' dir='ltr'>multa.</span> <span class='ocrx_word' id='word_1_58' title='bbox 1781 1016 1837 1059; x_wconf 82' lang='lat' dir='ltr'>de</span> 
     </span>
     <span class='ocr_line' id='line_1_11' title="bbox 341 1085 1838 1139; baseline 0.003 -13"><span class='ocrx_word' id='word_1_59' title='bbox 341 1086 590 1127; x_wconf 87' lang='lat' dir='ltr'>nuntiorum</span> <span class='ocrx_word' id='word_1_60' title='bbox 622 1088 717 1127; x_wconf 85' lang='lat' dir='ltr'>arte</span> <span class='ocrx_word' id='word_1_61' title='bbox 749 1085 953 1126; x_wconf 88' lang='lat' dir='ltr'>narrandi</span> <span class='ocrx_word' id='word_1_62' title='bbox 984 1087 1101 1127; x_wconf 88' lang='lat' dir='ltr'>recte</span> <span class='ocrx_word' id='word_1_63' title='bbox 1133 1085 1400 1136; x_wconf 84' lang='lat' dir='ltr'>observavit3</span> <span class='ocrx_word' id='word_1_64' title='bbox 1431 1085 1545 1128; x_wconf 86' lang='lat' dir='ltr'>inter</span> <span class='ocrx_word' id='word_1_65' title='bbox 1566 1097 1676 1139; x_wconf 85' lang='lat' dir='ltr'>quae</span> <span class='ocrx_word' id='word_1_66' title='bbox 1698 1085 1838 1133; x_wconf 73' lang='lat' dir='ltr'>multa</span> 
     </span>
     <span class='ocr_line' id='line_1_12' title="bbox 342 1153 1838 1211; baseline 0.002 -15"><span class='ocrx_word' id='word_1_67' title='bbox 342 1166 453 1208; x_wconf 89' lang='lat' dir='ltr'>quae</span> <span class='ocrx_word' id='word_1_68' title='bbox 483 1166 560 1197; x_wconf 91' lang='lat' dir='ltr'>nos</span> <span class='ocrx_word' id='word_1_69' title='bbox 593 1167 677 1196; x_wconf 90' lang='lat' dir='ltr'>non</span> <span class='ocrx_word' id='word_1_70' title='bbox 717 1154 967 1196; x_wconf 89' lang='lat' dir='ltr'>invenimus.</span> <span class='ocrx_word' id='word_1_71' title='bbox 1031 1153 1297 1208; x_wconf 80' lang='lat' dir='ltr'>Quamquam</span> <span class='ocrx_word' id='word_1_72' title='bbox 1329 1154 1462 1208; x_wconf 90' lang='lat' dir='ltr'>igitur</span> <span class='ocrx_word' id='word_1_73' title='bbox 1491 1155 1696 1211; x_wconf 84' lang='lat' dir='ltr'>nonnulla</span> <span class='ocrx_word' id='word_1_74' title='bbox 1726 1167 1838 1210; x_wconf 87' lang='lat' dir='ltr'>quae</span> 
     </span>
     <span class='ocr_line' id='line_1_13' title="bbox 341 1224 1836 1277; baseline 0.001 -11"><span class='ocrx_word' id='word_1_75' title='bbox 341 1237 427 1266; x_wconf 93' lang='lat' dir='ltr'>non</span> <span class='ocrx_word' id='word_1_76' title='bbox 471 1227 560 1266; x_wconf 92' lang='lat' dir='ltr'>tam</span> <span class='ocrx_word' id='word_1_77' title='bbox 604 1226 803 1266; x_wconf 88' lang='lat' dir='ltr'>accurate</span> <span class='ocrx_word' id='word_1_78' title='bbox 846 1227 1145 1277; x_wconf 81' lang='lat' dir='ltr'>tractaveram,</span> <span class='ocrx_word' id='word_1_79' title='bbox 1190 1224 1391 1266; x_wconf 86' lang='lat' dir='ltr'>omittere</span> <span class='ocrx_word' id='word_1_80' title='bbox 1427 1224 1546 1267; x_wconf 89' lang='lat' dir='ltr'>licuit</span> <span class='ocrx_word' id='word_1_81' title='bbox 1575 1226 1720 1268; x_wconf 84' lang='lat' dir='ltr'>tamen</span> <span class='ocrx_word' id='word_1_82' title='bbox 1749 1237 1836 1268; x_wconf 86' lang='lat' dir='ltr'>non</span> 
     </span>
     <span class='ocr_line' id='line_1_14' title="bbox 287 1294 1837 1348; baseline 0.001 -12"><span class='ocrx_word' id='word_1_83' title='bbox 287 1319 290 1321; x_wconf 93' lang='lat'><em>-</em></span> <span class='ocrx_word' id='word_1_84' title='bbox 343 1294 576 1336; x_wconf 81' lang='lat' dir='ltr'>retractavi</span> <span class='ocrx_word' id='word_1_85' title='bbox 620 1294 871 1347; x_wconf 89' lang='lat' dir='ltr'>opusculum</span> <span class='ocrx_word' id='word_1_86' title='bbox 916 1294 1029 1347; x_wconf 89' lang='lat' dir='ltr'>quod</span> <span class='ocrx_word' id='word_1_87' title='bbox 1071 1305 1209 1347; x_wconf 88' lang='lat' dir='ltr'>neque</span> <span class='ocrx_word' id='word_1_88' title='bbox 1254 1294 1350 1347; x_wconf 87' lang='lat' dir='ltr'>pari</span> <span class='ocrx_word' id='word_1_89' title='bbox 1395 1294 1520 1336; x_wconf 89' lang='lat' dir='ltr'>modo</span> <span class='ocrx_word' id='word_1_90' title='bbox 1551 1319 1608 1324; x_wconf 91' lang='lat'><strong>—</strong></span> <span class='ocrx_word' id='word_1_91' title='bbox 1633 1297 1678 1336; x_wconf 90' lang='lat' dir='ltr'>et</span> <span class='ocrx_word' id='word_1_92' title='bbox 1723 1295 1837 1348; x_wconf 88' lang='lat' dir='ltr'>quod</span> 
     </span>
     <span class='ocr_line' id='line_1_15' title="bbox 345 1363 1838 1418; baseline 0.001 -13"><span class='ocrx_word' id='word_1_93' title='bbox 345 1367 648 1416; x_wconf 86' lang='lat' dir='ltr'>argumentum</span> <span class='ocrx_word' id='word_1_94' title='bbox 693 1364 851 1406; x_wconf 89' lang='lat' dir='ltr'>attinet</span> <span class='ocrx_word' id='word_1_95' title='bbox 889 1366 934 1406; x_wconf 91' lang='lat' dir='ltr'>et</span> <span class='ocrx_word' id='word_1_96' title='bbox 965 1364 1077 1416; x_wconf 85' lang='lat' dir='ltr'>quod</span> <span class='ocrx_word' id='word_1_97' title='bbox 1115 1364 1326 1406; x_wconf 87' lang='lat' dir='ltr'>rationem</span> <span class='ocrx_word' id='word_1_98' title='bbox 1358 1363 1591 1417; x_wconf 88' lang='lat' dir='ltr'>quaerendi</span> <span class='ocrx_word' id='word_1_99' title='bbox 1621 1387 1678 1394; x_wconf 93' lang='lat'>—</span> <span class='ocrx_word' id='word_1_100' title='bbox 1709 1375 1838 1418; x_wconf 84' lang='lat' dir='ltr'>quae-</span> 
     </span>
     <span class='ocr_line' id='line_1_16' title="bbox 346 1433 1840 1487; baseline 0.001 -12"><span class='ocrx_word' id='word_1_101' title='bbox 346 1433 530 1475; x_wconf 87' lang='lat' dir='ltr'>stionem</span> <span class='ocrx_word' id='word_1_102' title='bbox 564 1433 733 1475; x_wconf 86' lang='lat' dir='ltr'>institui</span> <span class='ocrx_word' id='word_1_103' title='bbox 764 1445 904 1486; x_wconf 89' lang='lat' dir='ltr'>neque</span> <span class='ocrx_word' id='word_1_104' title='bbox 937 1445 1046 1486; x_wconf 86' lang='lat' dir='ltr'>quae</span> <span class='ocrx_word' id='word_1_105' title='bbox 1070 1433 1116 1475; x_wconf 89' lang='lat' dir='ltr'>F.</span> <span class='ocrx_word' id='word_1_106' title='bbox 1138 1434 1321 1486; x_wconf 88' lang='lat' dir='ltr'>protulit</span> <span class='ocrx_word' id='word_1_107' title='bbox 1342 1434 1484 1476; x_wconf 90' lang='lat' dir='ltr'>omnia</span> <span class='ocrx_word' id='word_1_108' title='bbox 1509 1433 1691 1477; x_wconf 87' lang='lat' dir='ltr'>obtineri</span> <span class='ocrx_word' id='word_1_109' title='bbox 1710 1445 1840 1487; x_wconf 88' lang='lat' dir='ltr'>posse</span> 
     </span>
     <span class='ocr_line' id='line_1_17' title="bbox 343 1502 1839 1556; baseline 0.001 -11"><span class='ocrx_word' id='word_1_110' title='bbox 343 1503 507 1556; x_wconf 85' lang='lat' dir='ltr'>opinor.</span> <span class='ocrx_word' id='word_1_111' title='bbox 571 1502 683 1553; x_wconf 84' lang='lat' dir='ltr'>Quid</span> <span class='ocrx_word' id='word_1_112' title='bbox 728 1503 780 1545; x_wconf 89' lang='lat' dir='ltr'>de</span> <span class='ocrx_word' id='word_1_113' title='bbox 827 1502 1007 1556; x_wconf 91' lang='lat' dir='ltr'>singulis</span> <span class='ocrx_word' id='word_1_114' title='bbox 1038 1502 1141 1545; x_wconf 93' lang='lat' dir='ltr'>locis</span> <span class='ocrx_word' id='word_1_115' title='bbox 1173 1503 1326 1556; x_wconf 90' lang='lat' dir='ltr'>quibus</span> <span class='ocrx_word' id='word_1_116' title='bbox 1358 1516 1384 1546; x_wconf 85' lang='lat' dir='ltr'>a</span> <span class='ocrx_word' id='word_1_117' title='bbox 1416 1503 1600 1546; x_wconf 85' lang='lat' dir='ltr'>Fischlio</span> <span class='ocrx_word' id='word_1_118' title='bbox 1631 1503 1839 1546; x_wconf 86' lang='lat' dir='ltr'>dissentio</span> 
     </span>
     <span class='ocr_line' id='line_1_18' title="bbox 343 1571 1842 1626; baseline 0.001 -12"><span class='ocrx_word' id='word_1_119' title='bbox 343 1585 557 1623; x_wconf 79' lang='lat' dir='ltr'>censeam,</span> <span class='ocrx_word' id='word_1_120' title='bbox 590 1571 713 1615; x_wconf 88' lang='lat' dir='ltr'>facile</span> <span class='ocrx_word' id='word_1_121' title='bbox 746 1585 798 1615; x_wconf 86' lang='lat' dir='ltr'>ex</span> <span class='ocrx_word' id='word_1_122' title='bbox 827 1572 1031 1625; x_wconf 89' lang='lat' dir='ltr'>opusculo</span> <span class='ocrx_word' id='word_1_123' title='bbox 1063 1584 1157 1615; x_wconf 91' lang='lat' dir='ltr'>meo</span> <span class='ocrx_word' id='word_1_124' title='bbox 1189 1573 1382 1615; x_wconf 89' lang='lat' dir='ltr'>concludi</span> <span class='ocrx_word' id='word_1_125' title='bbox 1413 1577 1571 1626; x_wconf 88' lang='lat' dir='ltr'>potest.</span> <span class='ocrx_word' id='word_1_126' title='bbox 1625 1571 1717 1615; x_wconf 91' lang='lat' dir='ltr'>Hoc</span> <span class='ocrx_word' id='word_1_127' title='bbox 1746 1573 1842 1616; x_wconf 91' lang='lat' dir='ltr'>loco</span> 
     </span>
     <span class='ocr_line' id='line_1_19' title="bbox 342 1640 1841 1696; baseline 0 -12"><span class='ocrx_word' id='word_1_128' title='bbox 342 1641 560 1696; x_wconf 81' lang='lat' dir='ltr'>disputem</span> <span class='ocrx_word' id='word_1_129' title='bbox 592 1645 740 1684; x_wconf 89' lang='lat' dir='ltr'>contra</span> <span class='ocrx_word' id='word_1_130' title='bbox 772 1641 1010 1684; x_wconf 85' lang='lat' dir='ltr'>sententias</span> <span class='ocrx_word' id='word_1_131' title='bbox 1042 1654 1148 1695; x_wconf 83' lang='lat' dir='ltr'>quas</span> <span class='ocrx_word' id='word_1_132' title='bbox 1181 1642 1335 1685; x_wconf 88' lang='lat' dir='ltr'>Fischl.</span> <span class='ocrx_word' id='word_1_133' title='bbox 1368 1654 1403 1683; x_wconf 91' lang='lat' dir='ltr'>c.</span> <span class='ocrx_word' id='word_1_134' title='bbox 1425 1641 1480 1684; x_wconf 93' lang='lat' dir='ltr'>II.</span> <span class='ocrx_word' id='word_1_135' title='bbox 1513 1640 1692 1695; x_wconf 86' lang='lat' dir='ltr'>profert.</span> <span class='ocrx_word' id='word_1_136' title='bbox 1749 1641 1841 1684; x_wconf 89' lang='lat' dir='ltr'>Hoc</span> 
     </span>
     <span class='ocr_line' id='line_1_20' title="bbox 343 1711 1841 1766; baseline -0.001 -12"><span class='ocrx_word' id='word_1_137' title='bbox 343 1713 386 1754; x_wconf 93' lang='lat' dir='ltr'>in</span> <span class='ocrx_word' id='word_1_138' title='bbox 424 1712 567 1766; x_wconf 85' lang='lat' dir='ltr'>capite</span> <span class='ocrx_word' id='word_1_139' title='bbox 612 1712 723 1754; x_wconf 91' lang='lat' dir='ltr'>enim</span> <span class='ocrx_word' id='word_1_140' title='bbox 757 1712 804 1754; x_wconf 81' lang='lat' dir='ltr'>F.</span> <span class='ocrx_word' id='word_1_141' title='bbox 844 1715 990 1754; x_wconf 90' lang='lat' dir='ltr'>movet</span> <span class='ocrx_word' id='word_1_142' title='bbox 1030 1712 1325 1764; x_wconf 89' lang='lat' dir='ltr'>quaestionem</span> <span class='ocrx_word' id='word_1_143' title='bbox 1367 1723 1422 1753; x_wconf 92' lang='lat' dir='ltr'>an</span> <span class='ocrx_word' id='word_1_144' title='bbox 1464 1711 1604 1754; x_wconf 88' lang='lat' dir='ltr'>nuntii</span> <span class='ocrx_word' id='word_1_145' title='bbox 1647 1722 1699 1754; x_wconf 87' lang='lat' dir='ltr'>ex</span> <span class='ocrx_word' id='word_1_146' title='bbox 1730 1711 1841 1754; x_wconf 88' lang='lat' dir='ltr'>anti-</span> 
     </span>
     <span class='ocr_line' id='line_1_21' title="bbox 343 1781 1841 1836; baseline 0 -12"><span class='ocrx_word' id='word_1_147' title='bbox 343 1782 548 1835; x_wconf 90' lang='lat' dir='ltr'>quissima</span> <span class='ocrx_word' id='word_1_148' title='bbox 579 1781 716 1824; x_wconf 89' lang='lat' dir='ltr'>forma</span> <span class='ocrx_word' id='word_1_149' title='bbox 747 1782 999 1834; x_wconf 87' lang='lat' dir='ltr'>tragoediae</span> <span class='ocrx_word' id='word_1_150' title='bbox 1029 1782 1199 1824; x_wconf 91' lang='lat' dir='ltr'>initium</span> <span class='ocrx_word' id='word_1_151' title='bbox 1222 1781 1436 1824; x_wconf 89' lang='lat' dir='ltr'>duxerint.</span> <span class='ocrx_word' id='word_1_152' title='bbox 1499 1781 1623 1832; x_wconf 91' lang='lat' dir='ltr'>Quod</span> <span class='ocrx_word' id='word_1_153' title='bbox 1642 1785 1774 1836; x_wconf 82' lang='lat' dir='ltr'>negat</span> <span class='ocrx_word' id='word_1_154' title='bbox 1795 1785 1841 1826; x_wconf 89' lang='lat' dir='ltr'>et</span> 
     </span>
     <span class='ocr_line' id='line_1_22' title="bbox 344 1850 1839 1894; baseline -0.001 -1"><span class='ocrx_word' id='word_1_155' title='bbox 344 1855 444 1893; x_wconf 86' lang='lat' dir='ltr'>ante</span> <span class='ocrx_word' id='word_1_156' title='bbox 476 1852 766 1893; x_wconf 84' lang='lat' dir='ltr'>narrationem</span> <span class='ocrx_word' id='word_1_157' title='bbox 800 1851 1038 1893; x_wconf 87' lang='lat' dir='ltr'>diverbium</span> <span class='ocrx_word' id='word_1_158' title='bbox 1070 1852 1194 1893; x_wconf 91' lang='lat' dir='ltr'>unius</span> <span class='ocrx_word' id='word_1_159' title='bbox 1227 1851 1384 1893; x_wconf 89' lang='lat' dir='ltr'>actoris</span> <span class='ocrx_word' id='word_1_160' title='bbox 1416 1863 1511 1894; x_wconf 94' lang='lat' dir='ltr'>cum</span> <span class='ocrx_word' id='word_1_161' title='bbox 1541 1850 1668 1894; x_wconf 89' lang='lat' dir='ltr'>choro</span> <span class='ocrx_word' id='word_1_162' title='bbox 1699 1851 1839 1893; x_wconf 90' lang='lat' dir='ltr'>locum</span> 
     </span>
     <span class='ocr_line' id='line_1_23' title="bbox 343 1919 1837 1974; baseline 0 -12"><span class='ocrx_word' id='word_1_163' title='bbox 343 1922 387 1963; x_wconf 92' lang='lat' dir='ltr'>in</span> <span class='ocrx_word' id='word_1_164' title='bbox 435 1921 662 1974; x_wconf 85' lang='lat' dir='ltr'>tragoedia</span> <span class='ocrx_word' id='word_1_165' title='bbox 708 1920 909 1962; x_wconf 90' lang='lat' dir='ltr'>habuisse</span> <span class='ocrx_word' id='word_1_166' title='bbox 956 1921 1069 1962; x_wconf 89' lang='lat' dir='ltr'>dicit.</span> <span class='ocrx_word' id='word_1_167' title='bbox 1133 1919 1400 1974; x_wconf 84' lang='lat' dir='ltr'>Quamquam</span> <span class='ocrx_word' id='word_1_168' title='bbox 1448 1920 1527 1962; x_wconf 88' lang='lat' dir='ltr'>hoc</span> <span class='ocrx_word' id='word_1_169' title='bbox 1571 1920 1663 1963; x_wconf 89' lang='lat' dir='ltr'>sine</span> <span class='ocrx_word' id='word_1_170' title='bbox 1695 1920 1837 1969; x_wconf 75' lang='lat' dir='ltr'>¹dubio</span> 
     </span>
     <span class='ocr_line' id='line_1_24' title="bbox 345 1989 1837 2043; baseline -0.001 -10"><span class='ocrx_word' id='word_1_171' title='bbox 345 1995 461 2033; x_wconf 87' lang='lat' dir='ltr'>recte</span> <span class='ocrx_word' id='word_1_172' title='bbox 495 1990 615 2041; x_wconf 87' lang='lat' dir='ltr'>dixit,</span> <span class='ocrx_word' id='word_1_173' title='bbox 648 1994 792 2033; x_wconf 89' lang='lat' dir='ltr'>tamen</span> <span class='ocrx_word' id='word_1_174' title='bbox 824 1994 1081 2042; x_wconf 87' lang='lat' dir='ltr'>argumenta</span> <span class='ocrx_word' id='word_1_175' title='bbox 1110 1989 1225 2031; x_wconf 87' lang='lat' dir='ltr'>haud</span> <span class='ocrx_word' id='word_1_176' title='bbox 1247 1990 1476 2043; x_wconf 85' lang='lat' dir='ltr'>perspicua</span> <span class='ocrx_word' id='word_1_177' title='bbox 1498 1989 1676 2032; x_wconf 89' lang='lat' dir='ltr'>addidit.</span> <span class='ocrx_word' id='word_1_178' title='bbox 1726 1989 1837 2032; x_wconf 86' lang='lat' dir='ltr'>Nam</span> 
     </span>
     <span class='ocr_line' id='line_1_25' title="bbox 343 2058 1838 2114; baseline -0.001 -12"><span class='ocrx_word' id='word_1_179' title='bbox 343 2061 529 2114; x_wconf 91' lang='lat' dir='ltr'>primum</span> <span class='ocrx_word' id='word_1_180' title='bbox 573 2059 617 2101; x_wconf 90' lang='lat' dir='ltr'>id</span> <span class='ocrx_word' id='word_1_181' title='bbox 659 2059 954 2112; x_wconf 86' lang='lat' dir='ltr'>quaerendum</span> <span class='ocrx_word' id='word_1_182' title='bbox 983 2058 1087 2100; x_wconf 89' lang='lat' dir='ltr'>mihi</span> <span class='ocrx_word' id='word_1_183' title='bbox 1126 2058 1320 2101; x_wconf 86' lang='lat' dir='ltr'>videtur:</span> <span class='ocrx_word' id='word_1_184' title='bbox 1364 2071 1448 2112; x_wconf 88' lang='lat' dir='ltr'>qua</span> <span class='ocrx_word' id='word_1_185' title='bbox 1479 2059 1647 2102; x_wconf 87' lang='lat' dir='ltr'>ratione</span> <span class='ocrx_word' id='word_1_186' title='bbox 1678 2062 1723 2101; x_wconf 87' lang='lat' dir='ltr'>et</span> <span class='ocrx_word' id='word_1_187' title='bbox 1753 2071 1838 2112; x_wconf 70' lang='lat' dir='ltr'>qua</span> 
     </span>
     <span class='ocr_line' id='line_1_26' title="bbox 345 2128 1837 2182; baseline -0.001 -10"><span class='ocrx_word' id='word_1_188' title='bbox 345 2142 475 2172; x_wconf 87' lang='lat' dir='ltr'>causa</span> <span class='ocrx_word' id='word_1_189' title='bbox 506 2128 740 2182; x_wconf 84' lang='lat' dir='ltr'>perductus</span> <span class='ocrx_word' id='word_1_190' title='bbox 770 2132 901 2182; x_wconf 89' lang='lat' dir='ltr'>poeta</span> <span class='ocrx_word' id='word_1_191' title='bbox 942 2128 1131 2182; x_wconf 89' lang='lat' dir='ltr'>tragicus</span> <span class='ocrx_word' id='word_1_192' title='bbox 1162 2128 1347 2181; x_wconf 87' lang='lat' dir='ltr'>primum</span> <span class='ocrx_word' id='word_1_193' title='bbox 1380 2131 1571 2170; x_wconf 86' lang='lat' dir='ltr'>actorem</span> <span class='ocrx_word' id='word_1_194' title='bbox 1601 2128 1730 2171; x_wconf 88' lang='lat' dir='ltr'>choro</span> <span class='ocrx_word' id='word_1_195' title='bbox 1761 2140 1837 2182; x_wconf 89' lang='lat' dir='ltr'>op-</span> 
     </span>
     <span class='ocr_line' id='line_1_27' title="bbox 346 2196 1840 2253; baseline -0.001 -12"><span class='ocrx_word' id='word_1_196' title='bbox 346 2199 521 2253; x_wconf 74' lang='lat' dir='ltr'>posuit?</span> <span class='ocrx_word' id='word_1_197' title='bbox 583 2198 675 2241; x_wconf 93' lang='lat' dir='ltr'>Hoc</span> <span class='ocrx_word' id='word_1_198' title='bbox 705 2210 802 2240; x_wconf 89' lang='lat' dir='ltr'>mea</span> <span class='ocrx_word' id='word_1_199' title='bbox 834 2198 1007 2251; x_wconf 90' lang='lat' dir='ltr'>quidem</span> <span class='ocrx_word' id='word_1_200' title='bbox 1038 2198 1254 2240; x_wconf 86' lang='lat' dir='ltr'>sententia</span> <span class='ocrx_word' id='word_1_201' title='bbox 1276 2210 1327 2239; x_wconf 88' lang='lat' dir='ltr'>ea.</span> <span class='ocrx_word' id='word_1_202' title='bbox 1349 2197 1402 2239; x_wconf 91' lang='lat' dir='ltr'>de</span> <span class='ocrx_word' id='word_1_203' title='bbox 1425 2209 1554 2240; x_wconf 87' lang='lat' dir='ltr'>causa</span> <span class='ocrx_word' id='word_1_204' title='bbox 1574 2197 1666 2240; x_wconf 87' lang='lat' dir='ltr'>sola</span> <span class='ocrx_word' id='word_1_205' title='bbox 1685 2196 1840 2240; x_wconf 82' lang='lat' dir='ltr'>fecisse</span> 
     </span>
     <span class='ocr_line' id='line_1_28' title="bbox 350 2265 1837 2310; baseline -0.001 0"><span class='ocrx_word' id='word_1_206' title='bbox 350 2269 522 2310; x_wconf 85' lang='lat' dir='ltr'>videtur</span> <span class='ocrx_word' id='word_1_207' title='bbox 553 2272 602 2310; x_wconf 86' lang='lat' dir='ltr'>ut</span> <span class='ocrx_word' id='word_1_208' title='bbox 633 2280 686 2310; x_wconf 86' lang='lat' dir='ltr'>ex</span> <span class='ocrx_word' id='word_1_209' title='bbox 718 2268 860 2310; x_wconf 89' lang='lat' dir='ltr'>verbis</span> <span class='ocrx_word' id='word_1_210' title='bbox 891 2267 1017 2309; x_wconf 90' lang='lat' dir='ltr'>huius</span> <span class='ocrx_word' id='word_1_211' title='bbox 1063 2267 1220 2309; x_wconf 90' lang='lat' dir='ltr'>actoris</span> <span class='ocrx_word' id='word_1_212' title='bbox 1251 2279 1360 2308; x_wconf 89' lang='lat' dir='ltr'>nova</span> <span class='ocrx_word' id='word_1_213' title='bbox 1391 2268 1557 2309; x_wconf 87' lang='lat' dir='ltr'>cantica</span> <span class='ocrx_word' id='word_1_214' title='bbox 1587 2267 1704 2310; x_wconf 91' lang='lat' dir='ltr'>chori</span> <span class='ocrx_word' id='word_1_215' title='bbox 1733 2265 1837 2309; x_wconf 90' lang='lat' dir='ltr'>fiue-</span> 
     </span>
     <span class='ocr_line' id='line_1_29' title="bbox 346 2336 1841 2391; baseline -0.001 -11"><span class='ocrx_word' id='word_1_216' title='bbox 346 2343 455 2380; x_wconf 86' lang='lat' dir='ltr'>rent.</span> <span class='ocrx_word' id='word_1_217' title='bbox 519 2338 569 2380; x_wconf 91' lang='lat' dir='ltr'>Id</span> <span class='ocrx_word' id='word_1_218' title='bbox 614 2338 826 2391; x_wconf 90' lang='lat' dir='ltr'>quomodo</span> <span class='ocrx_word' id='word_1_219' title='bbox 876 2336 1035 2378; x_wconf 80' lang='lat' dir='ltr'>factum</span> <span class='ocrx_word' id='word_1_220' title='bbox 1082 2337 1150 2386; x_wconf 86' lang='lat' dir='ltr'>sit,</span> <span class='ocrx_word' id='word_1_221' title='bbox 1197 2348 1351 2378; x_wconf 90' lang='lat' dir='ltr'>nomen</span> <span class='ocrx_word' id='word_1_222' title='bbox 1397 2336 1553 2378; x_wconf 87' lang='lat' dir='ltr'>actoris</span> <span class='ocrx_word' id='word_1_223' title='bbox 1596 2337 1841 2391; x_wconf 79' lang='grc' dir='ltr'><strong><em>ὑποκριτής</em></strong></span> 
     </span>
     <span class='ocr_line' id='line_1_30' title="bbox 347 2404 1837 2458; baseline -0.001 -9"><span class='ocrx_word' id='word_1_224' title='bbox 347 2407 567 2450; x_wconf 88' lang='lat' dir='ltr'>declarare</span> <span class='ocrx_word' id='word_1_225' title='bbox 619 2407 811 2448; x_wconf 89' lang='lat' dir='ltr'>videtur:</span> <span class='ocrx_word' id='word_1_226' title='bbox 864 2405 1097 2458; x_wconf 88' lang='lat' dir='ltr'>respondet</span> <span class='ocrx_word' id='word_1_227' title='bbox 1147 2417 1173 2447; x_wconf 87' lang='lat' dir='ltr'>a</span> <span class='ocrx_word' id='word_1_228' title='bbox 1223 2405 1352 2447; x_wconf 90' lang='lat' dir='ltr'>choro</span> <span class='ocrx_word' id='word_1_229' title='bbox 1401 2405 1683 2458; x_wconf 87' lang='lat' dir='ltr'>interogatus.</span> <span class='ocrx_word' id='word_1_230' title='bbox 1746 2404 1837 2447; x_wconf 89' lang='lat' dir='ltr'>Hoc</span> 
     </span>
     <span class='ocr_line' id='line_1_31' title="bbox 347 2474 1838 2529; baseline -0.001 -10"><span class='ocrx_word' id='word_1_231' title='bbox 347 2480 491 2519; x_wconf 87' lang='lat' dir='ltr'>autem</span> <span class='ocrx_word' id='word_1_232' title='bbox 531 2488 783 2529; x_wconf 87' lang='lat' dir='ltr'>responsum</span> <span class='ocrx_word' id='word_1_233' title='bbox 824 2475 930 2517; x_wconf 91' lang='lat' dir='ltr'>nihil</span> <span class='ocrx_word' id='word_1_234' title='bbox 962 2475 1078 2517; x_wconf 90' lang='lat' dir='ltr'>aliud</span> <span class='ocrx_word' id='word_1_235' title='bbox 1110 2474 1368 2517; x_wconf 89' lang='lat' dir='ltr'>continuisse</span> <span class='ocrx_word' id='word_1_236' title='bbox 1399 2477 1543 2528; x_wconf 90' lang='lat' dir='ltr'>potest</span> <span class='ocrx_word' id='word_1_237' title='bbox 1574 2474 1655 2517; x_wconf 91' lang='lat' dir='ltr'>nisi</span> <span class='ocrx_word' id='word_1_238' title='bbox 1684 2486 1838 2517; x_wconf 84' lang='lat' dir='ltr'>novam</span> 
     </span>
     <span class='ocr_line' id='line_1_32' title="bbox 345 2536 1836 2599; baseline -0.002 -11"><span class='ocrx_word' id='word_1_239' title='bbox 345 2559 436 2589; x_wconf 86' lang='lat' dir='ltr'>rem</span> <span class='ocrx_word' id='word_1_240' title='bbox 480 2547 535 2588; x_wconf 88' lang='lat' dir='ltr'>ad</span> <span class='ocrx_word' id='word_1_241' title='bbox 578 2558 703 2599; x_wconf 88' lang='lat' dir='ltr'>quam</span> <span class='ocrx_word' id='word_1_242' title='bbox 748 2536 1029 2587; x_wconf 80' lang='lat' dir='ltr'>nuntiandam</span> <span class='ocrx_word' id='word_1_243' title='bbox 1072 2544 1294 2597; x_wconf 88' lang='lat' dir='ltr'>processit.</span> <span class='ocrx_word' id='word_1_244' title='bbox 1357 2543 1448 2586; x_wconf 89' lang='lat' dir='ltr'>Hoc</span> <span class='ocrx_word' id='word_1_245' title='bbox 1490 2555 1667 2586; x_wconf 89' lang='lat' dir='ltr'>munere</span> <span class='ocrx_word' id='word_1_246' title='bbox 1698 2544 1836 2586; x_wconf 88' lang='lat' dir='ltr'>nuntii</span> 
     </span>
    </p>
   </div>
   <div class='ocr_carea' id='block_1_6' title="bbox 345 2630 619 2634">
    <p class='ocr_par' dir='ltr' id='par_1_6' title="bbox 345 2630 619 2634">
     <span class='ocr_line' id='line_1_33' title="bbox 345 2630 619 2634; baseline 0 0"><span class='ocrx_word' id='word_1_247' title='bbox 345 2630 619 2634; x_wconf 95' lang='lat' dir='ltr'> </span> 
     </span>
    </p>
   </div>
   <div class='ocr_carea' id='block_1_7' title="bbox 347 2657 1840 2940">
    <p class='ocr_par' dir='ltr' id='par_1_7' title="bbox 347 2657 1840 2940">
     <span class='ocr_line' id='line_1_34' title="bbox 469 2657 1840 2706; baseline -0.002 -10"><span class='ocrx_word' id='word_1_248' title='bbox 469 2663 503 2706; x_wconf 87' lang='lat'>1)</span> <span class='ocrx_word' id='word_1_249' title='bbox 528 2662 673 2696; x_wconf 83' lang='lat' dir='ltr'>nomina</span> <span class='ocrx_word' id='word_1_250' title='bbox 711 2661 756 2696; x_wconf 92' lang='lat' dir='ltr'>ab</span> <span class='ocrx_word' id='word_1_251' title='bbox 793 2660 1004 2703; x_wconf 87' lang='lat' dir='ltr'>editoribus,</span> <span class='ocrx_word' id='word_1_252' title='bbox 1039 2670 1111 2694; x_wconf 92' lang='lat' dir='ltr'>non</span> <span class='ocrx_word' id='word_1_253' title='bbox 1138 2670 1160 2694; x_wconf 90' lang='lat' dir='ltr'>a</span> <span class='ocrx_word' id='word_1_254' title='bbox 1185 2659 1303 2704; x_wconf 87' lang='lat' dir='ltr'>poetis</span> <span class='ocrx_word' id='word_1_255' title='bbox 1340 2657 1465 2694; x_wconf 87' lang='lat' dir='ltr'>addita</span> <span class='ocrx_word' id='word_1_256' title='bbox 1497 2668 1576 2694; x_wconf 86' lang='lat' dir='ltr'>esse</span> <span class='ocrx_word' id='word_1_257' title='bbox 1602 2658 1840 2703; x_wconf 80' lang='lat' dir='ltr'>comprobant</span> 
     </span>
     <span class='ocr_line' id='line_1_35' title="bbox 347 2717 1837 2763; baseline -0.002 -9"><span class='ocrx_word' id='word_1_258' title='bbox 347 2720 487 2754; x_wconf 81' lang='lat' dir='ltr'>codices</span> <span class='ocrx_word' id='word_1_259' title='bbox 525 2720 585 2763; x_wconf 90' lang='lat' dir='ltr'>qui</span> <span class='ocrx_word' id='word_1_260' title='bbox 618 2721 656 2755; x_wconf 91' lang='lat' dir='ltr'>in</span> <span class='ocrx_word' id='word_1_261' title='bbox 688 2720 740 2756; x_wconf 91' lang='lat' dir='ltr'>eis</span> <span class='ocrx_word' id='word_1_262' title='bbox 776 2724 918 2755; x_wconf 85' lang='lat' dir='ltr'>tantum</span> <span class='ocrx_word' id='word_1_263' title='bbox 951 2719 1156 2754; x_wconf 88' lang='lat' dir='ltr'>nominibus</span> <span class='ocrx_word' id='word_1_264' title='bbox 1193 2717 1422 2762; x_wconf 80' lang='lat' dir='ltr'>dissentiunt,</span> <span class='ocrx_word' id='word_1_265' title='bbox 1457 2717 1520 2752; x_wconf 92' lang='lat' dir='ltr'>ubi</span> <span class='ocrx_word' id='word_1_266' title='bbox 1545 2727 1675 2753; x_wconf 87' lang='lat' dir='ltr'>nomen</span> <span class='ocrx_word' id='word_1_267' title='bbox 1699 2721 1837 2752; x_wconf 88' lang='lat' dir='ltr'>certum</span> 
     </span>
     <span class='ocr_line' id='line_1_36' title="bbox 348 2773 1840 2824; baseline -0.003 -11"><span class='ocrx_word' id='word_1_268' title='bbox 348 2788 392 2813; x_wconf 89' lang='lat' dir='ltr'>ex</span> <span class='ocrx_word' id='word_1_269' title='bbox 417 2778 536 2812; x_wconf 85' lang='lat' dir='ltr'>verbis</span> <span class='ocrx_word' id='word_1_270' title='bbox 564 2783 695 2822; x_wconf 82' lang='lat' dir='ltr'>poetae</span> <span class='ocrx_word' id='word_1_271' title='bbox 720 2779 839 2824; x_wconf 88' lang='lat' dir='ltr'>promi</span> <span class='ocrx_word' id='word_1_272' title='bbox 863 2789 935 2813; x_wconf 92' lang='lat' dir='ltr'>non</span> <span class='ocrx_word' id='word_1_273' title='bbox 959 2781 1083 2822; x_wconf 86' lang='lat' dir='ltr'>potest</span> <span class='ocrx_word' id='word_1_274' title='bbox 1102 2788 1130 2813; x_wconf 88' lang='lat' dir='ltr'>e.</span> <span class='ocrx_word' id='word_1_275' title='bbox 1148 2789 1180 2822; x_wconf 86' lang='lat' dir='ltr'>g.</span> <span class='ocrx_word' id='word_1_276' title='bbox 1207 2777 1244 2812; x_wconf 87' lang='lat' dir='ltr'>in</span> <span class='ocrx_word' id='word_1_277' title='bbox 1270 2777 1472 2812; x_wconf 83' lang='lat' dir='ltr'>nominibus</span> <span class='ocrx_word' id='word_1_278' title='bbox 1492 2775 1673 2821; x_wconf 78' lang='grc' dir='ltr'><em>θεράπων</em></span> <span class='ocrx_word' id='word_1_279' title='bbox 1698 2773 1840 2820; x_wconf 73' lang='grc' dir='ltr'><strong><em>τροφός</em></strong></span> 
     </span>
     <span class='ocr_line' id='line_1_37' title="bbox 348 2835 1839 2884; baseline -0.001 -13"><span class='ocrx_word' id='word_1_280' title='bbox 348 2836 553 2884; x_wconf 78' lang='grc' dir='ltr'><em>πρεσβύτης</em></span> <span class='ocrx_word' id='word_1_281' title='bbox 588 2836 830 2883; x_wconf 78' lang='grc' dir='ltr'><em>παιδαγωγός</em></span> <span class='ocrx_word' id='word_1_282' title='bbox 862 2841 926 2873; x_wconf 83' lang='lat' dir='ltr'>aut</span> <span class='ocrx_word' id='word_1_283' title='bbox 959 2837 1021 2872; x_wconf 90' lang='lat' dir='ltr'>ubi</span> <span class='ocrx_word' id='word_1_284' title='bbox 1056 2837 1165 2872; x_wconf 87' lang='lat' dir='ltr'>verba</span> <span class='ocrx_word' id='word_1_285' title='bbox 1197 2841 1328 2882; x_wconf 83' lang='lat' dir='ltr'>poetae</span> <span class='ocrx_word' id='word_1_286' title='bbox 1359 2835 1459 2883; x_wconf 77' lang='lat' dir='ltr'>varie</span> <span class='ocrx_word' id='word_1_287' title='bbox 1493 2835 1725 2881; x_wconf 85' lang='lat' dir='ltr'>interpretati</span> <span class='ocrx_word' id='word_1_288' title='bbox 1751 2838 1839 2870; x_wconf 87' lang='lat' dir='ltr'>sunt.</span> 
     </span>
     <span class='ocr_line' id='line_1_38' title="bbox 349 2896 715 2940; baseline 0.003 -9"><span class='ocrx_word' id='word_1_289' title='bbox 349 2901 389 2932; x_wconf 84' lang='lat' dir='ltr'>ut</span> <span class='ocrx_word' id='word_1_290' title='bbox 414 2896 451 2930; x_wconf 89' lang='lat' dir='ltr'>in</span> <span class='ocrx_word' id='word_1_291' title='bbox 477 2896 533 2931; x_wconf 88' lang='grc' dir='ltr'>ΕΙ.</span> <span class='ocrx_word' id='word_1_292' title='bbox 564 2898 652 2930; x_wconf 69' lang='lat'>1292</span> <span class='ocrx_word' id='word_1_293' title='bbox 665 2908 715 2940; x_wconf 85' lang='lat' dir='ltr'>sq.</span> 
     </span>
    </p>
   </div>
  </div>
 </body>
</html>
