1950 3308
951 298 1244 337 —16-'

347 411 555 454 Hercules
586 424 697 454 nunc
728 410 856 452 faciat
888 409 1147 463 exprimunt,
1193 413 1457 463 praeparant
1488 411 1724 466 eccyclema
1753 420 1838 466 quo

347 494 385 523 v.
413 484 518 523 1031
556 481 762 522 Hercules
795 479 961 521 vinctus
993 492 1087 522 cum
1119 491 1252 521 uxore
1283 482 1327 521 et
1357 479 1504 523 liberis
1543 481 1707 526 necatis
1736 483 1838 524 ante

346 550 488 593 oculos
520 552 809 603 spectatorum
842 550 1030 602 ponitur.
1092 549 1296 591 Narratio
1328 550 1372 591 in
1404 548 1678 603 Supplicibus
1707 549 1838 595 talem

345 619 470 662 finem
501 631 584 660 non
612 618 756 671 habet,
790 619 988 672 quoniam
1025 617 1173 661 finitur
1203 618 1401 662 laudibus
1424 619 1579 662 Thesei
1596 621 1838 663 707-725,

343 687 569 741 Euripides
616 687 693 730 has
740 687 891 731 laudes
937 688 980 730 in
1028 687 1156 731 finem
1199 688 1349 731 reiecit
1394 692 1512 731 certo
1559 688 1747 741 consilio,
1771 691 1840 740 ,ut
1910 701 1950 723 -.

342 758 675 800 Atheniensibus
720 757 856 811 gloria
899 758 1066 811 patriae
1113 762 1214 803 ante
1259 758 1402 801 oculos
1444 762 1572 802 esset.
1647 758 1840 813 Corpora

342 830 484 869 autem
530 828 715 880 qninque
763 827 948 869 virorum
980 828 1157 870 Eleusin
1201 828 1366 881 portari
1398 840 1508 882 quae
1540 841 1695 872 scaena
1724 829 1837 873 inse-

343 897 488 949 quitur
520 909 557 940 v.
593 900 688 947 798,
731 897 906 938 nuntius
949 909 1028 950 per
1068 896 1411 950 stichomythiam
1443 910 1468 939 a
1500 910 1538 939 v.
1573 901 1653 940 761
1669 910 1732 952 sq.
1764 911 1836 942 ex-

342 965 486 1019 plicat.

516 1035 547 1076 I.
571 1034 619 1076 T.
654 1037 881 1077 333—335
944 1035 1055 1089 πρὸς
1086 1034 1122 1076 δ’
1157 1035 1322 1077 ἄνακτα
1351 1036 1482 1090 τῆσδε
1514 1042 1594 1091 γῆς

516 1104 750 1158 κομίζομέν
783 1120 886 1146 νιν.
911 1104 933 1146 ὁ
966 1103 1001 1145 δ’
1038 1103 1196 1146 ἐσιδὼν
1229 1104 1337 1146 ὅσον
1367 1105 1499 1160 τάχος

515 1171 557 1222 ἐς
587 1172 794 1227 χέρνιβάς
824 1189 869 1215 τε
900 1172 973 1215 καὶ
1005 1173 1180 1228 σφαγεῖ’
1213 1173 1382 1228 ἔπεμπέ
1410 1185 1493 1216 σοι.

341 1242 445 1284 Post
474 1242 580 1284 haec
612 1243 744 1285 verba
777 1244 1341 1296 exspectamus-adventum
1373 1242 1538 1287 Orestis
1562 1242 1834 1299 Pyladisque.

339 1336 396 1341 —
427 1311 475 1352 In
522 1310 606 1353 fine
658 1312 836 1355 alterius
887 1313 1026 1355 nuntii
1077 1313 1361 1366 comperimus
1413 1314 1553 1356 omnia
1602 1312 1744 1356 adhuc
1791 1313 1836 1356 in

341 1381 582 1423 discrimine
615 1393 722 1423 esse.
778 1381 932 1435 Itaque
963 1383 1070 1424 haec
1111 1383 1303 1424 narratio
1347 1394 1522 1425 accessu
1561 1382 1836 1426 continuatur

339 1449 535 1492 Athenae
580 1463 689 1503 quae
721 1463 846 1504 quem
877 1452 920 1493 in
951 1450 1078 1494 finem
1111 1451 1214 1509 fuga
1248 1451 1508 1495 Graecorum
1539 1452 1733 1495 evenerit
1762 1463 1834 1494 ex-

340 1520 483 1573 plicat.
547 1520 664 1562 Haec
699 1521 831 1574 igitur
875 1533 1029 1563 scaena
1059 1520 1142 1563 fine
1171 1521 1429 1563 narrationis
1461 1530 1718 1575 quamquam
1747 1533 1834 1565 non

339 1590 481 1631 verbis
524 1590 649 1643 ipsis,
694 1593 840 1633 tamen
882 1591 1010 1633 rebus
1053 1591 1238 1633 narratis
1281 1594 1581 1644 praeparatur.
1643 1590 1693 1632 In
1731 1589 1836 1635 Ione

339 1659 513 1701 nuntius
555 1664 783 1713 postquam
825 1660 1046 1703 consilium
1084 1661 1197 1702 senis
1240 1659 1506 1713 patefactum
1549 1671 1644 1703 esse
1687 1659 1835 1714 expla-

338 1730 470 1782 navit,
503 1741 569 1771 vv.
598 1733 882 1772 1217—1225
912 1730 1050 1772 tradit
1072 1730 1276 1772 Creusam
1307 1742 1331 1771 a
1352 1729 1549 1783 patribus
1570 1729 1835 1783 Delphorum

341 1799 492 1850 capitis
525 1799 769 1841 damnatam
802 1811 895 1842 esse
927 1802 971 1841 et
1002 1800 1123 1841 addit
1153 1799 1230 1842 hos
1262 1810 1436 1841 versus:
1471 1801 1756 1841 1225—1226

1119 1873 1237 1909 πᾶσα
1268 1866 1316 1909 δὲ
1348 1870 1464 1921 ζητεῖ
1493 1868 1622 1916 πόλις

513 1935 593 1988 τὴν
625 1935 793 1984 ἀθλίως
824 1936 1080 1977 σπεύσασαν
1114 1935 1276 1977 ἀθλίαν
1309 1936 1429 1978 ὁδόν.

343 2003 506 2054 Quibus
537 2004 678 2046 verbis
710 2004 890 2057 prolatis
922 2005 1064 2047 Ionem
1098 2009 1398 2059 expectamus;
1443 2009 1488 2048 et
1519 2018 1557 2048 v.
1594 2009 1700 2049 1261
1735 2019 1832 2061 pro-

342 2073 466 2115 cedit.
525 2073 668 2115 Etiam
700 2074 743 2115 in
774 2074 836 2115 El.
870 2077 1097 2116 855—857

1113 2145 1282 2199 ἔρχεται
1314 2144 1363 2186 δὲ
1394 2143 1465 2187 σοὶ

512 2212 625 2266 κάρα
657 2211 879 2264 ’πιδείξων
911 2212 1008 2267 οὐχὶ
1041 2214 1268 2268 Γοργόνος
1304 2212 1454 2269 φέρων

515 2281 607 2323 ἀλλ’
640 2281 691 2324 ὃν
724 2289 899 2335 στυγεῖς
929 2286 1164 2334 Αἴγισθον.

341 2350 390 2392 In
423 2350 516 2392 Hel.
550 2352 724 2393 nuntius
763 2352 893 2392 talem
937 2350 1063 2392 finem
1096 2351 1354 2393 narrationis
1386 2350 1528 2393 facere
1559 2363 1643 2393 non
1669 2355 1831 2404 potest,

341 2420 537 2473 quoniam
572 2420 833 2462 Graecorum
872 2419 1018 2472 fugam
1050 2419 1166 2462 nulla
1198 2432 1351 2462 scaena
1381 2419 1635 2473 insequitur.
1685 2419 1830 2462 Etiam

340 2489 384 2530 in
411 2489 568 2531 Phoen.
600 2489 719 2543 prior
748 2489 936 2531 narratio
974 2490 1105 2531 talem
1137 2488 1262 2531 finem
1294 2489 1452 2531 habere
1483 2501 1567 2531 non
1597 2492 1756 2542 potest,
1789 2490 1832 2532 in

342 2560 480 2601 altera
520 2562 663 2601 autem
703 2559 895 2601 narratio
933 2570 1068 2611 usque
1110 2559 1164 2600 ad
1205 2570 1301 2600 eum
1332 2558 1469 2600 locum
1500 2559 1752 2612 producitur
1782 2562 1831 2601 ut

341 2629 425 2670 iam
457 2628 511 2670 ad
543 2640 740 2670 scaenam
771 2629 1064 2681 insequentem
1103 2628 1288 2669 animum
1327 2628 1601 2670 advertamus
1634 2626 1686 2670 cf.
1719 2631 1829 2671 1476

342 2700 511 2738 —1477

517 2767 642 2807 ἄλλοι
674 2765 722 2808 δὲ
755 2768 860 2815 τοὺς
889 2767 1113 2814 θανόντας
1140 2765 1388 2820 Ἀντιγόνης
1418 2766 1525 2820 μετὰ

516 2838 703 2889 νεκροὺς
734 2835 952 2891 φέρουσιν
984 2836 1137 2877 ἔνθαδ’
1169 2837 1356 2878 οἰκτίσαι
1388 2836 1538 2890 φίλοις

343 2902 413 2945 hic
442 2903 575 2957 igitur
606 2906 659 2947 ad
692 2917 908 2947 accessum
940 2905 1181 2959 Antigonae
1217 2904 1456 2958 respicitur.
1502 2903 1575 2947 Or.
1600 2905 1829 2948 943-952
