1950 3308
937 271 1226 310 -23—

452 389 594 431 Mores
633 393 676 430 et
708 399 842 441 genus
890 386 1136 428 nuntiorum
1182 386 1369 439 speciem
1409 387 1705 430 narrationum.
1741 397 1826 430 non

337 462 620 507 commutant,
670 458 779 509 quod
830 456 1042 510 ἠθοποιία
1093 455 1339 497 nuntiorum
1385 455 1439 498 ab
1486 455 1691 510 Euripide
1740 467 1826 499 non

337 528 609 580 exprimitur:
654 538 798 568 omnes
843 526 992 567 eodem
1035 526 1158 567 modo
1199 528 1375 567 narrant
1416 529 1460 567 et
1500 537 1670 579 semper
1707 525 1824 580 apud

337 597 582 648 Euripidem
616 595 808 637 homines
839 595 989 637 humili
1028 595 1119 637 loco
1151 595 1254 645 nati,
1295 595 1407 636 servi
1448 593 1596 638 famuli
1634 595 1823 646 comites,

335 669 481 717 partes
529 665 667 706 nuntii
718 668 873 718 agunt3
920 664 972 707 cf.
1004 664 1180 706 Rassow
1227 663 1249 718 ξ
1291 664 1333 706 5.
1397 663 1488 706 Hoc
1535 665 1659 707 modo
1705 675 1824 707 mens

335 737 625 786 spectatorum
659 746 684 775 a
714 746 897 787 persona
941 746 1050 786 quae
1096 737 1245 776 narrat
1274 733 1329 776 ad
1362 746 1449 775 rem
1497 733 1761 777 convertitur
1775 732 1824 788 ¹).

334 804 448 856 Ergo
492 804 620 845 etiam
669 803 735 845 hic
782 803 982 846 iudicium
1030 802 1345 844 Wilamowitzii
1375 802 1647 856 Lessingium
1686 802 1823 846 secuti

334 872 472 915 valet:
506 875 557 914 A.
581 873 629 916 E.
653 886 692 926 p.
717 876 822 915 202:
858 885 960 915 >nec
991 875 1096 925 puto
1130 872 1218 914 veri
1248 863 1528 915 nibilvidisSe
1548 871 1823 926 Lessingium

333 955 427 984 cum
449 942 697 995 Euripidem
725 942 940 984 curavisse
961 941 1190 984 coniiceret
1211 954 1264 983 ne
1296 944 1587 994 spectatorum
1619 941 1749 986 animi
1778 942 1824 985 in

333 1012 460 1054 rebus
492 1012 629 1072 minus
662 1012 866 1064 gravibus
899 1011 1197 1053 detinerentur
1228 1010 1566 1053 attentionemve
1587 1011 1717 1054 animi
1748 1010 1822 1053 de·
1854 1043 1858 1045 >

333 1085 575 1136 sumerent;
614 1083 750 1135 ipsam
784 1081 970 1124 noluisse
1003 1084 1140 1122 artem
1173 1084 1218 1123 et
1249 1080 1514 1133 diligentiam
1546 1081 1589 1123 in
1620 1081 1714 1123 aliis
1744 1092 1821 1134 po-

332 1163 434 1193 nere
467 1164 593 1204 quam
625 1151 778 1205 quibus
809 1151 974 1204 tragica
1006 1151 1069 1193 vis
1101 1149 1494 1192 manifestati-etum
1521 1175 1573 1182 --
1597 1150 1694 1193 Una
1724 1162 1822 1204 per·

332 1233 435 1263 sona
477 1221 520 1262 in
553 1219 707 1264 Oreste
740 1245 793 1251 -
826 1224 999 1273 praeter
1030 1220 1243 1274 Phrygem
1275 1243 1330 1250 —
1363 1231 1486 1261 suum
1527 1219 1664 1262 locum
1704 1220 1819 1262 inter

331 1290 502 1332 nuntios
534 1290 790 1343 Euripideos
824 1291 1002 1332 obtinet.
1064 1290 1252 1331 Nuntius
1285 1292 1332 1331 ut
1364 1289 1456 1342 ipse
1489 1288 1604 1340 dicit,
1646 1289 1819 1332 colonus

333 1361 386 1401 ab
410 1360 729 1412 Agamemnone
762 1360 804 1401 in
835 1359 952 1412 agris
984 1359 1097 1402 altus
1130 1363 1261 1412 atque
1293 1361 1560 1401 sustentatus
1593 1358 1658 1400 vir
1688 1358 1823 1410 bonus
1863 1394 1867 1398 ⁴

266 1469 268 1472 ,
332 1433 375 1471 et
407 1430 608 1471 innocens
650 1433 694 1471 et
730 1429 906 1482 antiqua
947 1429 1107 1470 virtute
1149 1432 1216 1471 est
1257 1428 1307 1470 cf.
1342 1441 1379 1469 v.
1413 1431 1497 1470 870
1515 1439 1606 1481 sqq.
1638 1427 1820 1487 ‘Itaque

332 1498 422 1540 odit
455 1510 527 1540 eos
561 1499 632 1552 qui
665 1492 864 1552 ambigue
886 1499 1120 1552 loquuntur
1152 1503 1200 1540 ut
1231 1510 1464 1551 praecones
1495 1503 1539 1539 et
1562 1497 1821 1550 demagogos

331 1568 403 1620 qui
434 1569 639 1621 populum
673 1572 950 1620 corrumpant
981 1571 1025 1610 et
1055 1571 1171 1610 amat
1202 1579 1274 1610 eos
1308 1567 1380 1620 qui
1410 1567 1543 1620 probe
1589 1571 1632 1608 et
1663 1566 1823 1620 simpli-

330 1638 438 1679 citer
479 1639 579 1690 quid
620 1638 703 1691 ipsi
744 1638 932 1680 sentiant
974 1638 1132 1680 dicunt.
1197 1637 1414 1687 Quaedam
1455 1636 1638 1679 fortasse
1678 1635 1823 1689 loqua-

331 1707 436 1748 citas
467 1704 605 1749 nu'ntii
646 1719 695 1749 eo
737 1708 951 1749 indicatur
991 1707 1104 1760 quod
1147 1719 1245 1748 suas
1287 1706 1524 1748 sententias
1568 1704 1740 1758 saepius
1778 1705 1834 1747 in

330 1778 619 1819 narrationem
651 1778 797 1819 nectit.
827 1801 884 1807 -—-
915 1776 1024 1819 Cum
1055 1777 1186 1829 igitur
1219 1776 1447 1829 Euripides
1479 1775 1733 1828 plerumque
1764 1799 1820 1804 —

332 1845 508 1887 Orestes
531 1859 568 1887 a.
593 1850 674 1888 408
709 1847 833 1888 docta
861 1850 928 1888 est
949 1871 1005 1875 —
1026 1846 1268 1899 ἠθοποιίαν
1299 1846 1514 1898 neglegat,
1548 1844 1816 1886 narrationes

331 1915 574 1956 nuntiorum
609 1927 658 1957 eo
691 1915 828 1967 magis
860 1927 986 1956 unam
1028 1917 1187 1956 certam
1220 1914 1398 1955 formam
1439 1925 1543 1966 prae
1585 1925 1631 1955 se
1663 1912 1818 1955 ferunt.

445 1983 652 2025 Nuntium
683 1996 762 2036 per
793 1984 963 2036 longam
997 1984 1286 2025 narrationem
1317 1995 1403 2025 non
1434 1983 1574 2025 omnia
1605 1984 1816 2036 quomodo

330 2053 443 2095 facta
475 2054 572 2103 sint,
607 2053 848 2095 describere
882 2065 1007 2106 posse
1039 2057 1237 2106 apertum
1270 2057 1348 2103 est,
1382 2053 1495 2106 quod
1518 2053 1706 2095 narratio
1728 2057 1819 2094 tum

330 2124 494 2165 maiora
541 2123 683 2175 spatia
730 2124 1038 2176 occupavisset.
1101 2122 1185 2164 Sed
1225 2122 1520 2175 quodcumque
1562 2122 1737 2164 nuntius
1776 2122 1821 2163 in

330 2193 577 2234 narratione
609 2196 925 2243 commemorat,
969 2197 1168 2234 accurate
1201 2192 1405 2234 describit
1448 2204 1586 2244 neque
1619 2203 1819 2245 umquam

331 2273 420 2301 rem
453 2262 600 2313 paucis
633 2262 773 2303 verbis
806 2262 1073 2313 perstringit,
1116 2263 1191 2302 sed
1232 2273 1320 2302 rem
1354 2261 1618 2312 propositam
1651 2259 1819 2303 etiamsi

329 2341 413 2370 non
445 2331 587 2382 magni
620 2330 822 2371 momenti
855 2334 920 2370 est
962 2333 1162 2370 accurate
1204 2329 1418 2370 describit.
1480 2329 1572 2371 Hoc
1602 2330 1645 2370 in
1677 2334 1818 2382 poste-

330 2399 513 2440 rioribus
555 2399 789 2450 tragoediis
831 2398 981 2440 melius
1025 2398 1256 2439 observare
1296 2409 1534 2449 possumus.
1597 2397 1817 2450 Optimum

329 2467 441 2509 enim
473 2467 713 2519 exemplum
746 2468 926 2519 praebet
957 2467 1153 2508 Electra:
1189 2468 1416 2508 777—796
1448 2466 1624 2509 nuntius
1655 2471 1815 2518 narrat,

331 2537 541 2589 quomodo
581 2536 813 2589 Aegisthus
855 2536 1052 2578 Orestem
1095 2536 1354 2588 invitaverit,
1401 2539 1628 2578 797——802
1669 2535 1817 2578 famuli

330 2604 582 2647 sacrificium
603 2609 877 2658 praeparant.
926 2608 1154 2647 803—843
1187 2617 1269 2658 quo
1303 2605 1425 2646 modo
1459 2603 1693 2658 Aegisthus
1722 2605 1815 2658 ipse

330 2675 576 2718 facultatem
617 2675 682 2717 sui
723 2674 928 2717 caedendi
961 2674 1141 2716 dederit.
1206 2677 1434 2716 844—855
1469 2674 1646 2717 Orestes
1686 2675 1815 2718 satel-

382 2839 384 2842 ’
452 2828 487 2872 1)
513 2827 598 2860 item
613 2826 810 2861 Schillerus
827 2825 864 2860 in
882 2825 1121 2860 Wallenstein
1140 2836 1205 2869 per
1224 2825 1469 2860 centurionem
1482 2824 1645 2859 Theklae
1662 2827 1813 2859 mortem
1857 2816 1860 2818 ¹

331 2885 455 2929 sponsi
482 2890 640 2921 enarrat.
