1950 3308
747 246 1041 286 -49-

53 350 114 441 ,ξ’ἑῖ·
127 356 367 418 preposuit
405 371 490 414 quo
536 359 632 403 iure
673 360 718 403 in
749 360 917 404 Tauros
960 360 1142 403 venerit.
1206 359 1291 403 Sed
1333 363 1471 403 totam
1503 361 1648 414 fugam

44 424 239 487 ‘spuet
278 433 464 474 mortem
507 429 852 485 Clytaemestrae
896 431 1056 474 factam
1101 434 1278 474 enariat
1321 434 1366 473 et
1410 431 1581 473 demum
1625 446 1650 474 a

44 511 109 564 ..123ss-
131 510 180 547 v
198 502 285 544 976
317 499 445 544 affert
476 500 743 555 Apollinem
752 501 835 545 sibi
858 501 1064 544 mandata
1086 500 1270 543 dedisse.
1333 501 1456 548 Hanc
1477 501 1649 554 longam

43 561 109 628 ἶζ
135 571 433 615 narrationem
463 582 516 614 eo
546 571 686 625 magis
717 571 938 622 miramur,
978 572 1094 624 quod
1125 571 1330 614 iudicium
1364 572 1650 625 Areopagito-

135 653 235 685 rum
265 641 322 685 ad
350 641 557 685 mandata
578 640 790 695 Apollinis
812 640 994 695 Delphis
1027 641 1130 684 data
1160 641 1221 684 nil
1253 641 1369 684 valet
1400 645 1445 684 et
1469 641 1647 685 Orestes

39 712 77 750 ,‘
137 711 224 755 iam
266 714 399 757 antea
429 723 470 753 v.
502 713 663 765 931sq.
697 711 750 754 de
783 711 926 754 Furiis
972 711 1081 754 dixit
1125 717 1169 754 et
1213 715 1354 754 totum
1398 712 1650 754 vaticinium

127 781 394 836 ,iu-prologo
426 781 749 836 spectatoribus
781 781 996 835 exposuit.
1055 782 1191 825 Poeta
1215 780 1414 825 Orestem
1438 783 1650 836 quomodo

33 839 52 893 Ῐ
91 849 324 897 *Δῆιοηίε
354 846 556 895 versatus
586 851 644 895 sit
675 856 766 894 tam
789 855 992 895 accurate
1014 852 1295 906 descripsisse
1318 852 1503 904 videtur,
1538 852 1652 906 quod

64 915 75 926 ²
125 915 410 977 'spectatores
443 921 729 965 Athenienses
745 921 776 978 l)
817 922 1008 965 fuerunt.
1070 922 1166 965 Hae
1208 922 1319 965 duae
1360 926 1462 966 sunt
1502 935 1652 965 narra-

138 992 280 1047 tiones
303 992 469 1048 quibus
500 992 663 1046 aliquid
706 992 822 1046 quod
853 996 955 1036 ante
985 993 1156 1036 initium
1187 992 1360 1036 fabulae
1391 992 1554 1036 factum
1585 997 1652 1036 est

138 1065 357 1107 narratur.
419 1062 589 1105 Addam
622 1075 696 1105 eas
728 1063 884 1116 quibus
929 1063 1157 1106 nuntiatur
1187 1063 1302 1116 quod
1333 1063 1653 1117 spectatoribus

43 1151 47 1171 r
137 1144 225 1176 non
274 1132 606 1187 inspicientibus
652 1133 866 1176 actionem
917 1137 1085 1184 movet3
1138 1132 1190 1176 cf.
1232 1133 1366 1175 Andr.
1407 1136 1652 1176 804—816.

138 1201 314 1247 Heracl.
336 1206 582 1246 393-409.
616 1203 772 1245 Troad.
795 1207 1098 1246 1123-1140.
1131 1203 1196 1245 El.
1214 1206 1460 1245 509—517.
1492 1203 1653 1246 Phoen.

142 1276 448 1316 1217—1263.
495 1272 650 1316 Bacch.
675 1276 931 1325 436—4483
964 1274 1096 1316 etiam
1118 1273 1200 1316 hae
1222 1274 1495 1316 narrationes
1518 1274 1653 1316 multo

139 1342 362 1388 breviores
393 1347 495 1386 sunt
528 1357 656 1398 quam
688 1344 939 1387 nuntiorum
980 1340 1025 1387 et
1057 1344 1186 1386 dictio
1218 1356 1366 1387 earum
1399 1347 1653 1386 ornamento

138 1417 281 1462 earet:
312 1414 358 1457 id
379 1414 524 1458 solum>
543 1415 659 1468 quod
681 1414 736 1457 ad
757 1414 970 1458 actionem
993 1415 1250 1458 movendam
1273 1414 1564 1457 necessarium
1587 1417 1656 1456 est

137 1482 343 1528 refertur.
406 1484 500 1528 Hoc
541 1485 703 1538 optime
744 1485 1015 1528 demonstrat
1047 1484 1203 1528 Troad.
1240 1483 1550 1535 1123—1140,'
1578 1484 1655 1527 ubi

124 1553 398 1610 ‘Talthybius
460 1554 795 1609 Neoptolemum
859 1567 955 1597 cum
1012 1552 1322 1598 Andromacha
1374 1555 1417 1596 in
1467 1555 1654 1608 patriam

103 1623 105 1625 ’
138 1622 382 1679 profectum
431 1637 527 1668 esse
574 1638 640 1667 vv.
675 1628 962 1668 1122—1133
1010 1625 1195 1676 nuntiat,
1249 1625 1454 1668 mandata
1505 1628 1652 1667 autem

138 1762 265 1801 θεᾶς
289 1757 480 1808 βρέτας.
531 1759 674 1795 Deinde
699 1760 812 1796 verba
838 1759 904 1796 καὶ
930 1758 971 1796 σέ
996 1773 1027 1796 v.
1052 1762 1121 1796 981
1152 1759 1201 1796 ad
1225 1760 1337 1796 verba
1363 1759 1577 1805 Iphigeniae
1603 1760 1659 1795 in-

75 1867 78 1872 .
138 1819 334 1865 sequentia
367 1830 442 1856 non
476 1818 670 1864 quadrant.
722 1819 816 1855 Nam
853 1820 885 1855 si
912 1819 1063 1856 Orestes
1099 1820 1138 1855 in
1172 1819 1323 1866 epilogo,
1354 1830 1394 1855 se
1423 1829 1589 1863 *sororem
1619 1819 1657 1854 in

59 1873 77 1891 ³
119 1878 300 1926 *patriam
333 1878 571 1915 reducturum
606 1890 688 1915 esse
713 1878 928 1923 addidisset,
964 1873 1163 1925 Iphigenia
1186 1879 1292 1914 initio
1315 1878 1487 1924 responsi
1512 1889 1586 1913 non
1612 1877 1658 1914 de

137 1930 241 1976 sorte
275 1949 370 1984 quae
396 1938 528 1975 Oreste
563 1939 642 1974 solo
679 1938 844 1984 fugiente
879 1939 951 1975 sibi
986 1939 1160 1981 eveniret,
1197 1941 1336 1984 ageret,
1373 1936 1438 1973 sed
1463 1938 1607 1972 initium
1635 1949 1657 1974 a

137 1998 260 2036 verbis
285 1998 428 2036 Orestis
465 1999 598 2044 quibus
634 2009 673 2035 se
707 1999 938 2045 Iphigeniam
974 2010 1020 2034 ex
1040 1999 1177 2034 vfinibus
1205 1998 1373 2034 Tauricis
1412 1996 1656 2033 deducturum

135 2068 220 2096 esse
252 2055 425 2105 promisit
460 2062 611 2104 caperet
638 2062 675 2094 et
700 2058 840 2094 diceret
871 2079 907 2083 —
937 2058 976 2093 id
1002 2058 1099 2102 quod
1125 2058 1162 2092 in
1189 2057 1260 2093 fine
1286 2070 1341 2092 vv.
1369 2059 1581 2092 999-1001
1610 2077 1655 2083 -

136 2117 307 2154 Orestem
340 2118 496 2163 periculi
530 2127 643 2153 causa
680 2117 796 2153 solum
823 2117 952 2162 fugere
979 2116 1124 2152 debere.
1175 2116 1281 2151 Nunc
1308 2120 1430 2151 autem
1456 2116 1551 2150 hanc
1578 2126 1657 2151 sen-

137 2175 292 2214 tentiam
326 2175 492 2222 profert:
534 2176 621 2212 olim
647 2178 768 2221 Argos
793 2174 1077 2220 redire'studui‚
1113 2176 1209 2211 nunc
1235 2179 1273 2211 te
1302 2174 1437 2212 vidisse
1462 2174 1551 2210 mihi
1577 2179 1655 2219 sat;

137 2236 266 2282 itaque
299 2238 338 2272 te
371 2235 538 2272 liberabo
575 2239 612 2271 et
636 2239 798 2272 statuam
823 2235 893 2283 tibi
925 2235 1097 2285 tradam„
1119 2245 1339 2285 quamquam
1365 2238 1443 2271 tum
1469 2235 1558 2270 mihi
1582 2245 1657 2270 mo-

137 2294 307 2332 riendum
342 2298 410 2333 est.
460 2294 662 2332 Praeterea
695 2295 810 2332 verba
841 2295 1056 2341 Iphigeniae
1091 2307 1145 2334 vv.
1173 2296 1284 2339 995s8
1320 2294 1453 2340 quibus
1489 2294 1658 2331 Orestem

136 2350 445 2402 interrogat,
472 2366 546 2391 non
571 2352 850 2401 intelleguntur,
877 2355 909 2391 si
931 2353 992 2390 'hic
1013 2365 1052 2391 se
1078 2365 1242 2391 sororem
1270 2365 1390 2390 secum
1417 2353 1510 2390 nave
1535 2357 1656 2390 vectu—

134 2419 219 2452 r‘um
253 2425 336 2452 esse
371 2414 475 2451 dixit.
526 2416 658 2460 Itaque
683 2415 834 2451 Orestes
873 2421 983 2450 antea
1016 2414 1108 2449 nihil
1144 2413 1189 2460 de
1214 2414 1407 2460 Iphigenia
1433 2414 1471 2449 in
1496 2414 1656 2459 patriam

134 2474 315 2512 ducenda·
330 2475 469 2512 dixisse
494 2479 630 2521 potest.
681 2475 732 2510 Et
758 2475 877 2520 prima
903 2474 1015 2510 verba
1033 2473 1248 2518 Iphigeniae
1273 2473 1478 2519 respiciunt
1504 2473 1582 2508 sola
1609 2471 1655 2506 ad

136 2527 252 2571 verba
276 2534 439 2572 Orestis:
477 2540 597 2571 σῶσον
630 2540 863 2582 πατρῶον
898 2532 1064 2570 οἷκον
1094 2530 1257 2568 ἐκαῶσον
1284 2533 1317 2568 δ’
1347 2530 1429 2579 ἐμὲ·
1456 2530 1655 2575 respondet

137 2594 235 2636 enim
253 2594 468 2640 Iphigenia.
496 2592 545 2630 σε’
569 2606 608 2630 τε
634 2599 863 2640 μεταστῆναι
889 2592 1019 2638 πόνων
1038 2594 1051 2638 Η
1071 2597 1256 2627 νοσοῦντα
1282 2590 1312 2627 τ’
1334 2589 1475 2626 οἷκον
1502 2589 1585 2635 οὐχὶ
1603 2595 1654 2637 τῷ

106 2645 110 2649 ’
134 2652 317 2690 κτανόντι
342 2665 387 2698 με
414 2654 428 2698 ΙΙ
454 2651 689 2698 θυμουμένη,
726 2659 905 2700 πατρῷον
936 2652 1112 2696 ὀρθῶσαι
1139 2672 1186 2677 —-
1213 2655 1250 2687 et
1277 2663 1308 2686 x.
1335 2652 1405 2686 995
1440 2649 1602 2694 σώσαιμί
1621 2647 1652 2684 τ’

134 2712 276 2764 ol'xove.
326 2711 494 2756 Denique
520 2711 641 2747 verbis
668 2711 734 2746 καὶ
752 2709 792 2746 σέ
817 2710 957 2756 aliquid
983 2703 1146 2756 ineptum
1172 2710 1292 2746 inesse
1311 2709 1475 2745 videtur:
1502 2707 1653 2745 Orestes

135 2772 302 2809 sororem
327 2770 508 2818 promisso
535 2771 642 2816 quasi
672 2781 906 2816 corrumpere
932 2770 1089 2806 videtur.
1159 2768 1162 2772 ’
1462 2775 1466 2777 ·

163 2832 166 2836 ’
255 2832 298 2879 1)
321 2831 456 2868 similia
482 2830 698 2876 comprobat
722 2842 754 2867 v
775 2829 859 2865 Wil.
871 2830 1002 2865 Herm.
1023 2832 1077 2865 1)
1129 2827 1174 2864 de
1198 2829 1334 2874 Aegeo
1346 2826 1656 2864 inAEur.n1edea

137 2890 349 2928 accedente.
1272 2916 1276 2919 ,
1333 2915 1335 2917 .
1350 2915 1356 2918 .
1390 2913 1396 2918 .

1310 2952 1338 2991 4
