1936 3276
788 703 994 760 Vita.

207 819 209 822 ⁴
248 810 390 855 Natus
422 823 518 854 cum
547 811 744 856 Ericus
775 813 982 858 Paulus
1017 813 1273 868 Henning
1304 826 1341 856 a.
1366 813 1406 856 d.
1435 812 1504 855 VI.
1529 811 1638 855 Non.

130 880 265 932 Mart.
287 894 327 926 a.
348 879 795 926 MDCCCLXXXVII
810 884 1102 928 Hannoverae
1122 886 1248 938 patre
1269 883 1489 926 Friderico
1513 894 1640 937 quem

131 963 280 996 mense
310 951 426 995 Maio
457 952 559 995 anni
589 952 781 997 MCMVI
823 958 1045 998 mortuum
1076 966 1172 998 esse
1203 953 1482 997 vehementer
1514 951 1639 996 doleo

129 1024 271 1066 matre
291 1021 459 1066 Iustina
480 1023 534 1066 de
555 1027 685 1078 gente
706 1024 868 1069 Kahnt.
925 1025 1079 1068 Fidem
1102 1023 1308 1068 confiteor
1329 1022 1638 1078 evangelicam.

132 1090 356 1147 Gymnasii
385 1091 693 1137 Hannoverani
733 1096 848 1148 quod
878 1095 1071 1150 Lyceum
1102 1094 1122 1137 I
1161 1097 1340 1137 vocatur
1374 1106 1453 1147 per
1484 1104 1639 1136 novem

131 1174 268 1206 annos
311 1162 548 1217 discipulus
590 1163 666 1207 fui.
728 1164 834 1208 Inde
865 1179 892 1208 a
922 1177 1026 1208 vere
1075 1164 1175 1208 anni
1204 1163 1370 1207 MCMV
1405 1162 1640 1217 Gottingae

129 1243 213 1288 per
242 1233 327 1277 duo
359 1234 598 1286 semestria‚
631 1234 823 1279 Berolini
854 1235 986 1279 tertio
1018 1238 1064 1278 et
1096 1238 1263 1289 quarto,
1298 1234 1550 1288 Gottingam
1573 1245 1639 1277 re-

131 1314 284 1347 versus
327 1315 466 1358 usque
506 1304 563 1347 ad
603 1304 685 1348 hoc
727 1309 900 1360 tempus
942 1306 1107 1350 civibus
1139 1304 1394 1349 academicis
1426 1304 1640 1360 ascriptus

129 1385 239 1418 sum.
289 1373 542 1418 Docuerunt
561 1387 631 1418 me
652 1375 733 1419 viri
758 1376 1018 1420 doctissimi:
1053 1375 1175 1419 Diels
1194 1375 1272 1419 Ed.
1294 1375 1443 1430 Meyer
1463 1375 1640 1418 Norden

130 1443 200 1487 W.
217 1442 399 1488 Schulze
420 1443 589 1489 Vahlen
610 1445 810 1489 Wentzel
832 1446 1118 1490 Wilamowitz
1138 1445 1455 1497 BeroHnenses,
1478 1445 1641 1488 Brandi

129 1511 290 1562 Busolt
321 1513 700 1571 Goedeckemeyer
740 1516 924 1561 Husserl
967 1517 1132 1560 Koerte
1159 1516 1375 1570 .Laqueur
1416 1515 1640 1559 Lehmann

127 1582 219 1627 Leo
248 1582 408 1628 Miiller
437 1583 569 1628 Pfuhl
598 1584 795 1630 Pohlenz
828 1586 1049 1630 Schwartz
1086 1586 1207 1630 Stein
1237 1585 1403 1630 Viertel
1435 1586 1640 1629 Wacker-

126 1652 258 1708 nagel
298 1653 545 1698 Wendland
588 1655 911 1711 Gottingenses.
975 1656 1279 1701 Proseminarii
1321 1655 1639 1711 philologorum

128 1721 429 1779 Gottingensis
474 1737 555 1779 per
601 1727 686 1769 duo
734 1728 973 1779 semestria‚
1028 1726 1319 1770 Berolinensis
1364 1739 1444 1781 per
1490 1739 1636 1779 unum,

128 1793 429 1850 Gottingensis
460 1795 681 1839 seminarii
705 1797 726 1839 I
756 1810 835 1852 per
867 1801 1088 1852 quattuor,
1120 1796 1433 1851 archaeologici
1466 1796 1636 1840 Gottin-

127 1865 274 1920 gensis
304 1878 385 1920 per
416 1867 514 1919 duo,
546 1869 851 1923 proseminarii
882 1868 1080 1912 historici
1113 1868 1410 1923 Gottingensis
1441 1880 1521 1922 per
1551 1867 1636 1911 duo

129 1937 358 1980 semestria
400 1937 560 1981 sodalis
591 1938 666 1982 fui.
730 1939 968 1982 Praeterea
1015 1951 1084 1983 me
1114 1939 1170 1982 ad
1201 1938 1530 1982 exercitationes
1561 1939 1636 1982 ad-

127 2007 341 2052 miserunt
369 2006 525 2052 Busolt
555 2008 785 2053 historicas
817 2009 1134 2064 Wackernagel
1165 2009 1483 2064 grammaticas.

113 2125 117 2128 ,
244 2077 325 2122 His
356 2077 462 2123 viris
493 2079 751 2123 doctissimis
784 2079 886 2133 quid
919 2080 1100 2122 debeam
1131 2092 1363 2134 numquam
1394 2079 1633 2130 obliviscar,

129 2149 340 2204 imprimis
371 2149 592 2192 FriderIco
631 2149 719 2192 Leo
760 2162 888 2203 quem
928 2149 1061 2192 etiam
1101 2150 1145 2193 in
1185 2149 1266 2193 hoc
1297 2149 1504 2205 opusculo
1536 2162 1633 2193 con-

127 2218 309 2264 ficiendo
341 2218 447 2262 mihi
477 2218 636 2264 favisse
668 2222 793 2274 grato
824 2220 967 2264 animo
998 2219 1217 2264 confiteor.
