1936 3276
737 272 1028 313 —73-

33 362 62 435 ,ἷῖ
126 387 314 444 quisque
356 355 485 432 homo
528 387 650 443 fungi
692 388 859 444 potuit:
904 390 981 431 aut
1015 399 1092 430 rex
1123 390 1172 430 ut
1203 387 1378 432 Danaus
1410 389 1454 432 in
1487 389 1634 445 Suppl.

124 460 204 506 aut
222 457 228 461 '
246 458 400 514 regina
443 462 493 503 ut
522 459 682 503 Atossa
722 459 767 502 in
797 458 943 502 Persis
981 461 1058 501 aut
1088 458 1235 501 nutrix
1266 462 1344 502 aut
1374 460 1633 514 speculator.

123 529 235 574 Rem
265 533 415 574 autem
446 529 648 573 nuntiare
679 529 824 584 potuit
856 529 948 573 sive
978 541 1058 583 per
1088 528 1436 584 stichomythiam
1458 534 1534 574 aut
1555 543 1634 585 per

123 599 244 645 aliud
288 599 471 644 diverbii
513 612 652 654 genus
694 599 787 644 sive
817 612 899 653 per
928 599 1107 642 brevem
1141 600 1435 644 narrationem
1467 605 1517 644 ut
1547 601 1635 645 Da-

123 681 234 715 naus
263 669 480 726 inVSuppl.
526 668 621 713 Tali
651 668 696 712 in
726 667 876 712 fabula
907 668 1020 712 actio
1052 668 1147 713 fieri
1177 670 1321 725 potuit
1342 675 1392 714 ut
1413 671 1457 714 in
1481 672 1631 715 Aesch.

123 739 274 796 Suppl.
305 743 352 784 et
380 739 503 784 Pers.
533 742 610 783 aut
640 740 771 794 plane
802 738 942 783 defuit
973 743 1022 783 ut
1052 740 1096 782 in
1130 741 1280 784 Aesch.
1313 742 1453 784 Prom.
1488 743 1633 799 (quam

122 809 316 855 fabulam
359 808 405 854 F.
435 820 478 865 p.
511 813 536 852 6
580 808 803 866 neglexit).
878 810 1162 854 Prometheus
1214 811 1454 866 Aeschylea
1504 812 1632 856 simul

62 878 64 880 ’
122 880 372 936 exemplum
417 879 617 924 >fabulae
659 880 935 924 narrativae‹
982 884 1050 924 est
1082 882 1196 935 quod
1228 881 1277 924 F.
1310 882 1543 926 desiderat.
1577 906 1633 914 —-

122 949 226 997 Sine
268 950 400 995 dubio
442 950 565 994 initio
606 951 860 1005 tragoediae
903 951 1070 1005 primus
1116 954 1238 995 actor
1279 964 1421 1007 pauca
1462 956 1632 996 tantum

101 1011 259 1066 ‘'verba
300 1033 397 1065 cum
440 1020 570 1065 choro
601 1020 705 1065 feeit
735 1033 875 1075 neque
907 1034 1087 1076 magnas
1127 1026 1276 1077 partes
1307 1024 1410 1077 egit.
1475 1023 1630 1068 Partes

121 1094 272 1136 autem
312 1090 472 1135 actoris
510 1090 723 1146 paulatim
765 1092 938 1146 ingenio
969 1096 1199 1147 poetarum
1230 1096 1383 1137 auctae
1415 1097 1460 1137 et
1489 1094 1628 1138 altero

120 1163 270 1209 actone
311 1161 462 1206 addito
505 1162 550 1206 in
593 1162 731 1206 maius
773 1162 1012 1217 productae
1055 1166 1168 1207 sunt.
1230 1163 1337 1206 Illae
1377 1165 1630 1219 tragoediae

120 1233 167 1290 in
196 1232 352 1289 quibus
384 1246 495 1277 unus
527 1237 647 1277 actor
679 1233 861 1286 exstitit,
905 1234 1073 1278 actione
1103 1237 1206 1278 ante
1238 1234 1383 1282 oculos
1415 1239 1630 1290 spectato-

121 1315 219 1347 rum
251 1306 378 1358 gesta
408 1307 527 1348 certe
568 1304 774 1348 carebant
805 1317 1066 1359 quamquam
1107 1308 1228 1348 actor
1260 1305 1392 1348 etiam
1422 1305 1489 1349 his
1521 1309 1629 1349 tem·

120 1373 302 1428 poribus
331 1373 419 1431 alia
449 1374 623 1429 saepius
654 1387 751 1417 eum
782 1375 912 1418 choro
951 1375 1042 1430 egit
1074 1388 1202 1429 quam
1234 1376 1526 1420 narrationem
1560 1376 1629 1420 vel

0 1423 17 1477 ἓν
82 1478 87 1482 .
121 1442 368 1487 diverbium
410 1445 637 1488 nuntiandi
679 1457 810 1488 causa
842 1444 912 1502 (cf.
944 1446 1141 1490 Danaum
1177 1446 1221 1488 in
1253 1445 1404 1500 Suppl.
1441 1450 1520 1489 176
1533 1446 1628 1503 sq.).
