1936 3276
756 286 1046 324 -71—

110 385 112 387 ,
141 405 286 449 'altero
318 402 528 446 histrione
561 401 758 445 adhibito
791 400 918 444 simul
953 400 1065 443 actio
1097 402 1141 442 et
1173 410 1301 441 verus
1334 398 1529 452 dialogus
1561 397 1654 441 fieri

144 475 303 534 potuit.
365 473 426 517 Ut
456 473 570 516 actio
603 484 715 515 nova
748 467 796 514 re
826 472 871 514 in
902 469 1172 524 tragoediam
1204 468 1432 512 inserenda
1462 481 1653 512 movere-

112 535 116 537 *
145 548 232 596 tur,
269 543 504 599 Aeschylus
535 542 736 585 homines
767 540 1006 584 humilioris
1038 540 1208 594 generis
1241 539 1374 593 elegit
1395 538 1514 582 velut
1531 551 1654 592 prae-

147 627 277 659 cones
307 614 354 657 in
384 613 534 668 Suppl.
567 618 613 655 et
652 611 787 666 Sept„
832 613 1122 664 spectatorem
1153 610 1195 652 in
1229 610 1363 664 Sept.‚
1395 609 1655 652 Mercurium

145 685 240 730 loco
281 683 506 740 praeconis
538 682 582 725 in
613 681 891 725 Prometheo.
939 681 1066 723 Tales
1106 692 1318 734 personae
1358 680 1413 723 ad
1445 680 1656 723 actionem
1731 681 1736 685 '

145 754 484 815 promovendam
530 752 718 796 maxime
764 751 907 795 idonei
939 754 1076 793 erant.
1137 750 1222 793 Sed
1254 751 1383 794 etiam
1415 750 1526 793 aliae
1558 762 1657 804 per-

145 827 280 871 'sonae
309 824 486 868 maioris
517 822 729 866 momenti
760 822 841 864 hoc
872 833 1049 864 munere
1081 820 1203 874 fungi
1228 824 1409 875 possunt
1431 824 1479 863 ut
1503 821 1657 863 Atossa

77 891 80 895 ’
143 886 191 940 in
221 895 342 939 Pers.
377 893 535 948 159sq.
585 917 642 924 —
694 892 838 935 Etiam
880 895 928 934 ut
969 891 1210 934 diverbium
1253 889 1377 934 fieret
1422 890 1656 944 Aeschylus

146 966 258 1011 tales
301 976 510 1020 personas
555 963 806 1006 adhibuisse
851 963 1022 1005 videtur
1064 962 1178 1015 quod
1210 961 1256 1004 in
1288 960 1407 1015 Sept.
1440 961 1583 1004 media
1613 961 1657 1003 in

145 1035 374 1091 tragoedia
403 1035 604 1078 Eteocles
651 1038 695 1077 et
738 1034 915 1076 nuntius
960 1045 1012 1076 ea
1044 1032 1134 1076 sola
1167 1032 1220 1075 de
1254 1044 1384 1075 causa
1417 1032 1658 1086 procedunt

146 1111 197 1151 ut
227 1107 343 1162 inter
364 1118 411 1149 se
441 1105 754 1159 colloquantur.
820 1104 946 1147 Tales
968 1115 1175 1157 personas
1197 1105 1247 1145 ut
1270 1113 1505 1156 praecones
1527 1101 1658 1144 etiam

151 1176 388 1232 Euripides
431 1176 487 1220 ad
533 1176 751 1219 actionem
793 1174 1047 1217 movendam
1090 1173 1206 1216 haud
1251 1184 1351 1215 raro
1392 1171 1568 1215 adhibet
1609 1171 1659 1214 cf.

153 1260 313 1304 praeco
358 1248 403 1290 in
445 1246 597 1301 Suppl.
632 1249 729 1297 399,
773 1244 988 1301 θεράπων
1019 1244 1063 1286 111
1093 1244 1183 1286 Alc.
1218 1246 1315 1293 747,
1358 1242 1529 1285 Heracl.
1563 1245 1660 1294 660,

149 1317 306 1362 Bacch.
340 1320 452 1369 4343
495 1316 746 1372 θεράπεινα
777 1316 820 1357 111
852 1315 944 1358 Alc.
980 1317 1083 1367 1423
1131 1313 1234 1356 Hec.
1270 1316 1374 1367 6583
1419 1312 1549 1355 Andr.
1583 1315 1658 1363 563

147 1387 299 1432 nutrix
330 1387 374 1430 in
405 1387 542 1431 Andr.
576 1390 685 1441 8023
719 1398 850 1429 senex
881 1386 924 1428 in
957 1385 1020 1428 El.
1053 1388 1151 1427 488.

264 1458 410 1502 Etiam
440 1457 614 1501 nomine
648 1455 920 1511 comprobari
952 1455 1125 1498 videtur
1157 1456 1263 1498 duos
1288 1454 1459 1497 ordines
1488 1453 1660 1496 nuntio-

145 1541 244 1573 rum
265 1541 323 1573 sc.
347 1540 498 1572 eorum
519 1528 591 1582 qui
625 1525 929 1580 catastrophas
961 1528 1140 1568 narrant
1170 1529 1215 1568 et
1247 1525 1319 1579 qui
1352 1536 1421 1567 res
1453 1535 1585 1566 novas
1617 1523 1660 1566 in

146 1598 420 1653 tragoediam
453 1598 665 1641 inducunt
699 1596 1026 1650 distinguendos
1048 1607 1157 1638 esse.
1225 1595 1335 1638 Nam
1368 1595 1411 1637 in
1443 1593 1661 1636 codicibus

147 1668 400 1723 Euripideis
450 1668 623 1711 nomine
670 1667 754 1721 ἀγγ
805 1679 883 1709 eae
935 1667 1051 1709 solae
1098 1677 1312 1719 personae
1365 1663 1662 1718 significantur

145 1750 261 1794 'quae
312 1738 607 1782 narrationem
661 1737 791 1780 certis
842 1736 1012 1790 legibus
1058 1735 1285 1790 proferunt
1300 1734 1347 1790 ¹),
1400 1730 1659 1788 quamquam

150 1816 300 1853 omnes
331 1809 473 1852 nuntii
505 1808 666 1858 dicunt,
705 1808 856 1861 quales
887 1806 1082 1849 homines
1114 1807 1220 1849 sint:
1255 1805 1431 1847 nuntius
1463 1807 1529 1847 est
1550 1815 1660 1846 unus

144 1880 203 1924 ex
233 1879 371 1922 servis
401 1879 446 1921 in
478 1879 611 1922 Andr.
649 1877 804 1920 Bacch.
837 1876 968 1931 (alter
993 1876 1188 1931 nuntius)
1223 1875 1290 1918 El.
1313 1874 1485 1917 Heracl.
1509 1873 1658 1927 Suppl.

149 1949 284 2004 Hipp.
316 1949 348 1992 I.
373 1949 422 1992 T.
468 1948 599 2004 (alter
643 1947 842 2002 nuntius)
900 1947 1014 1990 Med.
1048 1946 1209 1989 Phoen.
1256 1945 1414 2000 (alter).
1465 1943 1538 1987 Or.
1585 1947 1660 1986 aut

149 2031 263 2063 unus
295 2031 349 2062 ex
381 2019 567 2068 ὀπαδοῖς
597 2018 639 2061 111
679 2018 806 2061 Herc.
841 2020 917 2059 aut
947 2017 1225 2070 ὑπασπιστής
1255 2016 1298 2057 111
1324 2015 1482 2057 Phoen.
1508 2014 1660 2068 (prior)

149 2093 228 2134 aut
269 2089 483 2133 bubulcus
524 2089 567 2131 iu
598 2088 634 2130 I.
660 2088 706 2129 T.
742 2087 896 2141 (prior)
939 2089 983 2128 et
1018 2086 1061 2127 111
1096 2086 1247 2128 Bacch.
1312 2084 1396 2127 Sed
1427 2084 1506 2126 hac
1538 2085 1580 2126 in
1614 2096 1660 2127 re

149 2159 270 2203 nulla
301 2158 547 2202 differentia
580 2161 648 2200 est
681 2158 736 2200 ab
769 2157 924 2199 ceteris
956 2156 1152 2210 personis
1187 2167 1297 2209 quae
1329 2158 1378 2197 ut
1409 2155 1470 2197 illi
1501 2156 1544 2197 in
1578 2167 1660 2198 una

147 2235 310 2274 'scaena
360 2233 509 2284 partes
571 2228 713 2271 nuntii
772 2227 934 2270 habent
983 2230 1032 2269 ut
1082 2227 1124 2269 in
1178 2226 1269 2268 Alc.
1333 2225 1490 2268 femina
1551 2238 1661 2279 quae

147 2300 350 2344 habitum
382 2298 613 2342 Alcestidis
646 2302 691 2341 et
724 2298 899 2340 Admeti
941 2296 1147 2340 describit
1188 2295 1441 2351 θεράπαινα
1483 2299 1662 2339 vocatur

146 2370 223 2428 (cf.
259 2370 391 2413 Andr.
426 2372 494 2421 56,
528 2369 632 2412 Hec.
668 2369 769 2424 657)
802 2371 847 2410 et
878 2379 1029 2410 servus
1061 2366 1179 2421 Hylli
1211 2366 1284 2420 qui
1319 2366 1554 2409 adventum
1586 2367 1660 2409 do-

148 2441 256 2485 'mini
287 2440 331 2483 in
363 2439 533 2483 Heracl.
568 2442 652 2482 630
697 2439 870 2481 nuntiat
903 2436 973 2492 (cf.
1010 2437 1097 2479 Alc.
1135 2439 1230 2487 747,
1268 2436 1421 2479 Bacch.
1455 2438 1572 2491 434).
1606 2461 1661 2466 ——

147 2511 241 2555 Cur
282 2510 420 2565 igitur
460 2509 542 2552 hae
584 2521 798 2564 personae
843 2520 929 2551 non
973 2507 1122 2550 eodem
1167 2506 1339 2548 nomine
1381 2507 1660 2558 designantur

148 2571 238 2636 quo
268 2580 410 2624 nuntii
433 2581 506 2634 qui
529 2583 649 2623 certa
672 2579 879 2622 orationis
902 2589 1049 2620 norma
1072 2588 1140 2618 res
1164 2576 1442 2618 describunt?
1494 2575 1660 2617 Nomen

276 2698 312 2741 1)
337 2694 587 2740 Excipiuntur
603 2693 699 2729 Med.
724 2696 811 2728 1121
841 2694 903 2728 ubi
922 2694 1025 2728 varia
1050 2692 1235 2737 scriptura
1260 2693 1343 2734 θερ.
1372 2695 1427 2726 est
1453 2695 1490 2726 et
1515 2691 1660 2727 Heracl.
1711 2714 1715 2717 »

150 2755 235 2794 Ἶ84.
287 2754 359 2792 Sed
384 2754 430 2791 R.
457 2753 719 2799 comprobavit,
759 2753 795 2787 in
823 2753 968 2788 Heracl.
996 2763 1126 2787 nomen
1166 2751 1262 2786 servi
1295 2750 1356 2794 qui
1382 2763 1412 2785 v.
1440 2752 1509 2786 928
1535 2761 1660 2796 proce-

150 2816 244 2854 dens
269 2816 308 2852 in
334 2813 438 2851 codd.
466 2827 537 2859 αγγ
574 2813 803 2858 significatur
845 2811 891 2848 ad
916 2824 947 2847 v.
975 2814 1043 2848 734
1081 2809 1295 2846 movendum
1326 2820 1417 2846 esse.
1467 2810 1547 2859 Una
1573 2821 1659 2846 vera

155 2875 326 2921 exceptio
352 2874 389 2910 in
415 2874 479 2910 Ion
511 2876 600 2909 110ss
640 2872 701 2908 ubi
726 2873 832 2907 homo
865 2872 927 2916 qui
954 2872 1075 2907 Ionem
1103 2870 1147 2906 ab
1175 2869 1346 2914 Apolline
1371 2859 1555 2905 servatum
1581 2880 1660 2907 esse

158 2935 306 2973 nuntiat
331 2935 369 2970 in
395 2933 499 2970 codd.
526 2932 709 2978 θεράπων
740 2931 975 2978 significatur.
