<?xml version="1.0" encoding="UTF-8"?>
<!DOCTYPE html PUBLIC "-//W3C//DTD XHTML 1.0 Transitional//EN"
    "http://www.w3.org/TR/xhtml1/DTD/xhtml1-transitional.dtd">
<html xmlns="http://www.w3.org/1999/xhtml" xml:lang="en" lang="en">
 <head>
  <title>
</title>
<meta http-equiv="Content-Type" content="text/html;charset=utf-8" />
  <meta name='ocr-system' content='tesseract 3.04.00' />
  <meta name='ocr-capabilities' content='ocr_page ocr_carea ocr_par ocr_line ocrx_word'/>
</head>
<body>
  <div class='ocr_page' id='page_1' title='image "./detragicorumatti00hennuoft_0062.png"; bbox 0 0 1950 3308; ppageno 0'>
   <div class='ocr_carea' id='block_1_1' title="bbox 1658 0 1950 341">
    <p class='ocr_par' dir='ltr' id='par_1_1' title="bbox 1658 0 1950 341">
     <span class='ocr_line' id='line_1_1' title="bbox 1658 0 1950 341; baseline 0 2967"><span class='ocrx_word' id='word_1_1' title='bbox 1658 0 1950 341; x_wconf 95' lang='lat' dir='ltr'> </span> 
     </span>
    </p>
   </div>
   <div class='ocr_carea' id='block_1_2' title="bbox 939 302 1225 341">
    <p class='ocr_par' dir='ltr' id='par_1_2' title="bbox 939 302 1225 341">
     <span class='ocr_line' id='line_1_2' title="bbox 939 302 1225 341; baseline 0.003 -13"><span class='ocrx_word' id='word_1_2' title='bbox 939 324 991 329; x_wconf 67' lang='grc'>-.</span> <span class='ocrx_word' id='word_1_3' title='bbox 1057 302 1108 341; x_wconf 78' lang='lat'>55</span> <span class='ocrx_word' id='word_1_4' title='bbox 1171 323 1225 330; x_wconf 65' lang='grc'>.-</span> 
     </span>
    </p>
   </div>
   <div class='ocr_carea' id='block_1_3' title="bbox 318 417 1831 2764">
    <p class='ocr_par' dir='ltr' id='par_1_3' title="bbox 334 417 1828 668">
     <span class='ocr_line' id='line_1_3' title="bbox 335 417 1828 470; baseline 0.003 -10"><span class='ocrx_word' id='word_1_5' title='bbox 335 419 463 461; x_wconf 89' lang='lat' dir='ltr'>tionis</span> <span class='ocrx_word' id='word_1_6' title='bbox 515 418 775 468; x_wconf 82' lang='lat' dir='ltr'>absolvitur,</span> <span class='ocrx_word' id='word_1_7' title='bbox 821 417 863 458; x_wconf 89' lang='lat' dir='ltr'>in</span> <span class='ocrx_word' id='word_1_8' title='bbox 916 418 1016 459; x_wconf 82' lang='lat' dir='ltr'>Ant.</span> <span class='ocrx_word' id='word_1_9' title='bbox 1053 420 1362 470; x_wconf 80' lang='lat'>1196—1218,</span> <span class='ocrx_word' id='word_1_10' title='bbox 1416 417 1522 461; x_wconf 86' lang='lat' dir='ltr'>Oed.</span> <span class='ocrx_word' id='word_1_11' title='bbox 1555 419 1606 463; x_wconf 89' lang='lat' dir='ltr'>R.</span> <span class='ocrx_word' id='word_1_12' title='bbox 1659 423 1828 464; x_wconf 83' lang='lat'>1241-</span> 
     </span>
     <span class='ocr_line' id='line_1_4' title="bbox 339 485 1827 538; baseline 0.003 -9"><span class='ocrx_word' id='word_1_13' title='bbox 339 491 470 537; x_wconf 82' lang='lat'>1262,</span> <span class='ocrx_word' id='word_1_14' title='bbox 515 487 662 529; x_wconf 87' lang='lat' dir='ltr'>Trach.</span> <span class='ocrx_word' id='word_1_15' title='bbox 699 489 950 538; x_wconf 78' lang='lat'>750—764,</span> <span class='ocrx_word' id='word_1_16' title='bbox 996 489 1248 537; x_wconf 88' lang='lat'>900—922‚</span> <span class='ocrx_word' id='word_1_17' title='bbox 1293 486 1342 529; x_wconf 94' lang='grc' dir='ltr'>Ο.</span> <span class='ocrx_word' id='word_1_18' title='bbox 1365 485 1413 529; x_wconf 84' lang='lat' dir='ltr'>C.</span> <span class='ocrx_word' id='word_1_19' title='bbox 1447 488 1732 534; x_wconf 63' lang='lat'>1587—1619</span> <span class='ocrx_word' id='word_1_20' title='bbox 1762 491 1827 534; x_wconf 71' lang='lat' dir='ltr'>in—</span> 
     </span>
     <span class='ocr_line' id='line_1_5' title="bbox 334 555 1826 606; baseline 0.003 -7"><span class='ocrx_word' id='word_1_21' title='bbox 334 558 502 599; x_wconf 88' lang='lat' dir='ltr'>venitur</span> <span class='ocrx_word' id='word_1_22' title='bbox 548 560 591 597; x_wconf 91' lang='lat' dir='ltr'>et</span> <span class='ocrx_word' id='word_1_23' title='bbox 622 556 665 597; x_wconf 93' lang='lat' dir='ltr'>in</span> <span class='ocrx_word' id='word_1_24' title='bbox 697 555 883 606; x_wconf 81' lang='lat' dir='ltr'>Electra,</span> <span class='ocrx_word' id='word_1_25' title='bbox 925 556 998 598; x_wconf 90' lang='lat' dir='ltr'>ubi</span> <span class='ocrx_word' id='word_1_26' title='bbox 1039 560 1256 599; x_wconf 88' lang='lat' dir='ltr'>certamen</span> <span class='ocrx_word' id='word_1_27' title='bbox 1288 568 1490 600; x_wconf 89' lang='lat' dir='ltr'>curruum</span> <span class='ocrx_word' id='word_1_28' title='bbox 1520 562 1720 603; x_wconf 76' lang='lat' dir='ltr'>accurate</span> <span class='ocrx_word' id='word_1_29' title='bbox 1748 561 1826 603; x_wconf 82' lang='lat' dir='ltr'>de-</span> 
     </span>
     <span class='ocr_line' id='line_1_6' title="bbox 334 626 1773 668; baseline 0.002 0"><span class='ocrx_word' id='word_1_30' title='bbox 334 626 546 668; x_wconf 81' lang='lat' dir='ltr'>scribitur.</span> <span class='ocrx_word' id='word_1_31' title='bbox 1706 646 1708 648; x_wconf 89' lang='lat'>·</span> <span class='ocrx_word' id='word_1_32' title='bbox 1727 640 1746 646; x_wconf 63' lang='grc'><em>”</em></span> <span class='ocrx_word' id='word_1_33' title='bbox 1770 628 1773 629; x_wconf 64' lang='grc'>’</span> 
     </span>
    </p>

    <p class='ocr_par' dir='ltr' id='par_1_4' title="bbox 318 694 1831 2403">
     <span class='ocr_line' id='line_1_7' title="bbox 450 694 1825 753; baseline 0.005 -18"><span class='ocrx_word' id='word_1_34' title='bbox 450 694 598 736; x_wconf 85' lang='lat' dir='ltr'>Nuntii</span> <span class='ocrx_word' id='word_1_35' title='bbox 620 694 847 748; x_wconf 87' lang='lat' dir='ltr'>Sophoclei</span> <span class='ocrx_word' id='word_1_36' title='bbox 878 699 1023 737; x_wconf 89' lang='lat' dir='ltr'>tamen</span> <span class='ocrx_word' id='word_1_37' title='bbox 1054 707 1123 738; x_wconf 90' lang='lat' dir='ltr'>res</span> <span class='ocrx_word' id='word_1_38' title='bbox 1154 708 1240 738; x_wconf 92' lang='lat' dir='ltr'>non</span> <span class='ocrx_word' id='word_1_39' title='bbox 1270 708 1349 749; x_wconf 89' lang='lat' dir='ltr'>per</span> <span class='ocrx_word' id='word_1_40' title='bbox 1380 700 1468 739; x_wconf 83' lang='lat' dir='ltr'>tam</span> <span class='ocrx_word' id='word_1_41' title='bbox 1500 697 1672 752; x_wconf 84' lang='lat' dir='ltr'>longam</span> <span class='ocrx_word' id='word_1_42' title='bbox 1694 700 1825 753; x_wconf 82' lang='lat' dir='ltr'>atque</span> 
     </span>
     <span class='ocr_line' id='line_1_8' title="bbox 332 765 1826 822; baseline 0.005 -18"><span class='ocrx_word' id='word_1_43' title='bbox 332 768 576 806; x_wconf 79' lang='lat' dir='ltr'>accuratam</span> <span class='ocrx_word' id='word_1_44' title='bbox 617 765 914 807; x_wconf 87' lang='lat' dir='ltr'>narrationem·</span> <span class='ocrx_word' id='word_1_45' title='bbox 940 765 1188 808; x_wconf 88' lang='lat' dir='ltr'>describunt</span> <span class='ocrx_word' id='word_1_46' title='bbox 1219 778 1344 818; x_wconf 91' lang='lat' dir='ltr'>quam</span> <span class='ocrx_word' id='word_1_47' title='bbox 1376 766 1612 821; x_wconf 89' lang='lat' dir='ltr'>Euripidei.</span> <span class='ocrx_word' id='word_1_48' title='bbox 1674 767 1826 822; x_wconf 80' lang='lat' dir='ltr'>Itaque</span> 
     </span>
     <span class='ocr_line' id='line_1_9' title="bbox 331 834 1825 892; baseline 0.005 -18"><span class='ocrx_word' id='word_1_49' title='bbox 331 837 582 892; x_wconf 77' lang='lat' dir='ltr'>ornamenta</span> <span class='ocrx_word' id='word_1_50' title='bbox 614 834 767 887; x_wconf 90' lang='lat' dir='ltr'>quibus</span> <span class='ocrx_word' id='word_1_51' title='bbox 798 835 841 876; x_wconf 90' lang='lat' dir='ltr'>in</span> <span class='ocrx_word' id='word_1_52' title='bbox 873 834 1191 876; x_wconf 86' lang='lat' dir='ltr'>narrationibus</span> <span class='ocrx_word' id='word_1_53' title='bbox 1212 834 1459 888; x_wconf 87' lang='lat' dir='ltr'>Euripideis</span> <span class='ocrx_word' id='word_1_54' title='bbox 1489 849 1557 880; x_wconf 87' lang='lat' dir='ltr'>res</span> <span class='ocrx_word' id='word_1_55' title='bbox 1590 837 1699 880; x_wconf 87' lang='lat' dir='ltr'>bene</span> <span class='ocrx_word' id='word_1_56' title='bbox 1728 834 1825 881; x_wconf 84' lang='lat' dir='ltr'>illu-</span> 
     </span>
     <span class='ocr_line' id='line_1_10' title="bbox 332 904 1824 956; baseline 0.005 -12"><span class='ocrx_word' id='word_1_57' title='bbox 332 906 524 944; x_wconf 86' lang='lat' dir='ltr'>strantur</span> <span class='ocrx_word' id='word_1_58' title='bbox 546 907 590 944; x_wconf 91' lang='lat' dir='ltr'>et</span> <span class='ocrx_word' id='word_1_59' title='bbox 611 906 712 945; x_wconf 85' lang='lat' dir='ltr'>ante</span> <span class='ocrx_word' id='word_1_60' title='bbox 741 904 885 945; x_wconf 88' lang='lat' dir='ltr'>oculos</span> <span class='ocrx_word' id='word_1_61' title='bbox 906 907 1139 956; x_wconf 89' lang='lat' dir='ltr'>ponuntur,</span> <span class='ocrx_word' id='word_1_62' title='bbox 1168 904 1211 946; x_wconf 92' lang='lat' dir='ltr'>in</span> <span class='ocrx_word' id='word_1_63' title='bbox 1238 905 1556 949; x_wconf 85' lang='lat' dir='ltr'>narrationibus</span> <span class='ocrx_word' id='word_1_64' title='bbox 1575 908 1824 950; x_wconf 86' lang='lat' dir='ltr'>nuntiorum</span> 
     </span>
     <span class='ocr_line' id='line_1_11' title="bbox 331 970 1823 1028; baseline 0.005 -16"><span class='ocrx_word' id='word_1_65' title='bbox 331 970 662 1024; x_wconf 84' lang='lat' dir='ltr'>Sophocleorum</span> <span class='ocrx_word' id='word_1_66' title='bbox 696 972 852 1014; x_wconf 85' lang='lat' dir='ltr'>desunt</span> <span class='ocrx_word' id='word_1_67' title='bbox 882 976 959 1015; x_wconf 89' lang='lat' dir='ltr'>aut</span> <span class='ocrx_word' id='word_1_68' title='bbox 990 973 1142 1015; x_wconf 88' lang='lat' dir='ltr'>saltem</span> <span class='ocrx_word' id='word_1_69' title='bbox 1173 985 1258 1015; x_wconf 91' lang='lat' dir='ltr'>non</span> <span class='ocrx_word' id='word_1_70' title='bbox 1289 977 1412 1016; x_wconf 86' lang='lat' dir='ltr'>tanta</span> <span class='ocrx_word' id='word_1_71' title='bbox 1442 975 1584 1028; x_wconf 86' lang='lat' dir='ltr'>spatia</span> <span class='ocrx_word' id='word_1_72' title='bbox 1614 974 1823 1020; x_wconf 81' lang='lat' dir='ltr'>obtinent.</span> 
     </span>
     <span class='ocr_line' id='line_1_12' title="bbox 328 1040 1823 1100; baseline 0.005 -18"><span class='ocrx_word' id='word_1_73' title='bbox 328 1040 447 1083; x_wconf 90' lang='lat' dir='ltr'>Inter</span> <span class='ocrx_word' id='word_1_74' title='bbox 490 1053 600 1094; x_wconf 88' lang='lat' dir='ltr'>quae</span> <span class='ocrx_word' id='word_1_75' title='bbox 644 1043 744 1083; x_wconf 86' lang='lat' dir='ltr'>ante</span> <span class='ocrx_word' id='word_1_76' title='bbox 790 1042 930 1084; x_wconf 89' lang='lat' dir='ltr'>omnia</span> <span class='ocrx_word' id='word_1_77' title='bbox 973 1042 1105 1084; x_wconf 87' lang='lat' dir='ltr'>verba</span> <span class='ocrx_word' id='word_1_78' title='bbox 1137 1043 1301 1085; x_wconf 87' lang='lat' dir='ltr'>directa</span> <span class='ocrx_word' id='word_1_79' title='bbox 1332 1043 1482 1086; x_wconf 85' lang='lat' dir='ltr'>haheo.</span> <span class='ocrx_word' id='word_1_80' title='bbox 1545 1044 1664 1088; x_wconf 86' lang='lat' dir='ltr'>Haec</span> <span class='ocrx_word' id='word_1_81' title='bbox 1694 1044 1823 1100; x_wconf 80' lang='lat' dir='ltr'>plane</span> 
     </span>
     <span class='ocr_line' id='line_1_13' title="bbox 327 1110 1819 1165; baseline 0.005 -13"><span class='ocrx_word' id='word_1_82' title='bbox 327 1110 482 1152; x_wconf 84' lang='lat' dir='ltr'>desunt</span> <span class='ocrx_word' id='word_1_83' title='bbox 503 1111 546 1153; x_wconf 93' lang='lat' dir='ltr'>in</span> <span class='ocrx_word' id='word_1_84' title='bbox 570 1112 816 1153; x_wconf 86' lang='lat' dir='ltr'>narratione</span> <span class='ocrx_word' id='word_1_85' title='bbox 848 1124 933 1165; x_wconf 84' lang='lat' dir='ltr'>qua</span> <span class='ocrx_word' id='word_1_86' title='bbox 963 1111 1141 1155; x_wconf 90' lang='lat' dir='ltr'>nuntius</span> <span class='ocrx_word' id='word_1_87' title='bbox 1172 1113 1215 1155; x_wconf 91' lang='lat' dir='ltr'>in</span> <span class='ocrx_word' id='word_1_88' title='bbox 1238 1112 1288 1155; x_wconf 93' lang='grc' dir='ltr'>Ο.</span> <span class='ocrx_word' id='word_1_89' title='bbox 1306 1113 1356 1155; x_wconf 88' lang='lat' dir='ltr'>R.</span> <span class='ocrx_word' id='word_1_90' title='bbox 1390 1117 1434 1156; x_wconf 88' lang='lat' dir='ltr'>et</span> <span class='ocrx_word' id='word_1_91' title='bbox 1464 1113 1676 1158; x_wconf 85' lang='lat' dir='ltr'>Iocastam</span> <span class='ocrx_word' id='word_1_92' title='bbox 1708 1121 1819 1159; x_wconf 84' lang='lat' dir='ltr'>mor·</span> 
     </span>
     <span class='ocr_line' id='line_1_14' title="bbox 328 1181 1821 1237; baseline 0.004 -15"><span class='ocrx_word' id='word_1_93' title='bbox 328 1185 446 1222; x_wconf 87' lang='lat' dir='ltr'>tuam</span> <span class='ocrx_word' id='word_1_94' title='bbox 490 1193 584 1223; x_wconf 88' lang='lat' dir='ltr'>esse</span> <span class='ocrx_word' id='word_1_95' title='bbox 616 1185 661 1224; x_wconf 91' lang='lat' dir='ltr'>et</span> <span class='ocrx_word' id='word_1_96' title='bbox 693 1181 958 1234; x_wconf 86' lang='lat' dir='ltr'>Oedipodem</span> <span class='ocrx_word' id='word_1_97' title='bbox 998 1182 1143 1225; x_wconf 91' lang='lat' dir='ltr'>oculos</span> <span class='ocrx_word' id='word_1_98' title='bbox 1186 1183 1267 1225; x_wconf 90' lang='lat' dir='ltr'>sibi</span> <span class='ocrx_word' id='word_1_99' title='bbox 1308 1183 1518 1237; x_wconf 84' lang='lat' dir='ltr'>eripuisse</span> <span class='ocrx_word' id='word_1_100' title='bbox 1549 1188 1710 1229; x_wconf 82' lang='lat' dir='ltr'>narrat.</span> <span class='ocrx_word' id='word_1_101' title='bbox 1770 1185 1821 1228; x_wconf 90' lang='lat' dir='ltr'>In</span> 
     </span>
     <span class='ocr_line' id='line_1_15' title="bbox 329 1249 1820 1305; baseline 0.005 -15"><span class='ocrx_word' id='word_1_102' title='bbox 329 1249 390 1290; x_wconf 92' lang='lat' dir='ltr'>Ai.</span> <span class='ocrx_word' id='word_1_103' title='bbox 428 1253 655 1292; x_wconf 80' lang='lat'>749—-780</span> <span class='ocrx_word' id='word_1_104' title='bbox 695 1252 872 1293; x_wconf 91' lang='lat' dir='ltr'>nuntius</span> <span class='ocrx_word' id='word_1_105' title='bbox 913 1255 1062 1294; x_wconf 83' lang='lat' dir='ltr'>narrat</span> <span class='ocrx_word' id='word_1_106' title='bbox 1105 1253 1158 1294; x_wconf 90' lang='lat' dir='ltr'>de</span> <span class='ocrx_word' id='word_1_107' title='bbox 1199 1265 1284 1305; x_wconf 89' lang='lat' dir='ltr'>qua</span> <span class='ocrx_word' id='word_1_108' title='bbox 1314 1265 1362 1294; x_wconf 94' lang='lat' dir='ltr'>re</span> <span class='ocrx_word' id='word_1_109' title='bbox 1394 1251 1820 1297; x_wconf 84' lang='lat' dir='ltr'>Calchas-Teucrum</span> 
     </span>
     <span class='ocr_line' id='line_1_16' title="bbox 327 1318 1822 1375; baseline 0.004 -15"><span class='ocrx_word' id='word_1_110' title='bbox 327 1320 553 1362; x_wconf 88' lang='lat' dir='ltr'>monuerit.</span> <span class='ocrx_word' id='word_1_111' title='bbox 615 1320 759 1362; x_wconf 89' lang='lat' dir='ltr'>Verba</span> <span class='ocrx_word' id='word_1_112' title='bbox 803 1319 1048 1364; x_wconf 87' lang='lat' dir='ltr'>Calchantis</span> <span class='ocrx_word' id='word_1_113' title='bbox 1090 1318 1275 1375; x_wconf 88' lang='lat' dir='ltr'>primum</span> <span class='ocrx_word' id='word_1_114' title='bbox 1315 1334 1394 1375; x_wconf 88' lang='lat' dir='ltr'>per</span> <span class='ocrx_word' id='word_1_115' title='bbox 1437 1323 1674 1366; x_wconf 84' lang='lat' dir='ltr'>orationem</span> <span class='ocrx_word' id='word_1_116' title='bbox 1715 1322 1822 1366; x_wconf 83' lang='lat' dir='ltr'>obli-</span> 
     </span>
     <span class='ocr_line' id='line_1_17' title="bbox 327 1389 1822 1440; baseline 0.005 -11"><span class='ocrx_word' id='word_1_117' title='bbox 327 1400 453 1440; x_wconf 89' lang='lat' dir='ltr'>quam</span> <span class='ocrx_word' id='word_1_118' title='bbox 496 1389 639 1431; x_wconf 86' lang='lat' dir='ltr'>reddit</span> <span class='ocrx_word' id='word_1_119' title='bbox 670 1402 736 1431; x_wconf 91' lang='lat' dir='ltr'>vv.</span> <span class='ocrx_word' id='word_1_120' title='bbox 772 1391 1013 1440; x_wconf 85' lang='lat'>752—755,</span> <span class='ocrx_word' id='word_1_121' title='bbox 1060 1391 1214 1433; x_wconf 88' lang='lat' dir='ltr'>deinde</span> <span class='ocrx_word' id='word_1_122' title='bbox 1253 1403 1319 1433; x_wconf 89' lang='lat' dir='ltr'>vv.</span> <span class='ocrx_word' id='word_1_123' title='bbox 1354 1394 1580 1434; x_wconf 84' lang='lat'>756—757</span> <span class='ocrx_word' id='word_1_124' title='bbox 1625 1393 1681 1435; x_wconf 88' lang='lat' dir='ltr'>ad</span> <span class='ocrx_word' id='word_1_125' title='bbox 1725 1404 1822 1436; x_wconf 86' lang='lat' dir='ltr'>ora-</span> 
     </span>
     <span class='ocr_line' id='line_1_18' title="bbox 325 1458 1821 1512; baseline 0.003 -13"><span class='ocrx_word' id='word_1_126' title='bbox 325 1458 486 1500; x_wconf 91' lang='lat' dir='ltr'>tionem</span> <span class='ocrx_word' id='word_1_127' title='bbox 530 1459 736 1501; x_wconf 86' lang='lat' dir='ltr'>directam</span> <span class='ocrx_word' id='word_1_128' title='bbox 772 1458 960 1512; x_wconf 70' lang='lat' dir='ltr'>transit,</span> <span class='ocrx_word' id='word_1_129' title='bbox 1019 1472 1086 1502; x_wconf 92' lang='lat' dir='ltr'>vv.</span> <span class='ocrx_word' id='word_1_130' title='bbox 1121 1462 1348 1502; x_wconf 82' lang='grc'><strong>758-759</strong></span> <span class='ocrx_word' id='word_1_131' title='bbox 1395 1461 1528 1503; x_wconf 87' lang='lat' dir='ltr'>verba.</span> <span class='ocrx_word' id='word_1_132' title='bbox 1577 1460 1821 1504; x_wconf 83' lang='lat' dir='ltr'>Calchantis</span> 
     </span>
     <span class='ocr_line' id='line_1_19' title="bbox 326 1526 1820 1588; baseline 0.005 -20"><span class='ocrx_word' id='word_1_133' title='bbox 326 1526 482 1569; x_wconf 87' lang='lat' dir='ltr'>iterum</span> <span class='ocrx_word' id='word_1_134' title='bbox 515 1529 709 1571; x_wconf 88' lang='lat' dir='ltr'>oratione</span> <span class='ocrx_word' id='word_1_135' title='bbox 741 1528 915 1588; x_wconf 86' lang='lat' dir='ltr'>obliqua</span> <span class='ocrx_word' id='word_1_136' title='bbox 945 1529 1082 1580; x_wconf 87' lang='lat' dir='ltr'>affert,</span> <span class='ocrx_word' id='word_1_137' title='bbox 1117 1542 1183 1572; x_wconf 88' lang='lat' dir='ltr'>vv.</span> <span class='ocrx_word' id='word_1_138' title='bbox 1210 1533 1438 1573; x_wconf 83' lang='lat'>762—779</span> <span class='ocrx_word' id='word_1_139' title='bbox 1470 1531 1602 1573; x_wconf 88' lang='lat' dir='ltr'>verba</span> <span class='ocrx_word' id='word_1_140' title='bbox 1633 1531 1820 1583; x_wconf 78' lang='lat' dir='ltr'>directa3</span> 
     </span>
     <span class='ocr_line' id='line_1_20' title="bbox 324 1598 1817 1649; baseline 0.003 -11"><span class='ocrx_word' id='word_1_141' title='bbox 324 1600 369 1638; x_wconf 88' lang='lat' dir='ltr'>et</span> <span class='ocrx_word' id='word_1_142' title='bbox 414 1598 589 1640; x_wconf 90' lang='lat' dir='ltr'>nuntius</span> <span class='ocrx_word' id='word_1_143' title='bbox 636 1599 871 1640; x_wconf 85' lang='lat' dir='ltr'>orationem</span> <span class='ocrx_word' id='word_1_144' title='bbox 914 1598 1157 1642; x_wconf 87' lang='lat' dir='ltr'>Calchantis</span> <span class='ocrx_word' id='word_1_145' title='bbox 1204 1600 1410 1642; x_wconf 87' lang='lat' dir='ltr'>directam</span> <span class='ocrx_word' id='word_1_146' title='bbox 1459 1600 1522 1642; x_wconf 85' lang='lat' dir='ltr'>ita</span> <span class='ocrx_word' id='word_1_147' title='bbox 1566 1601 1722 1649; x_wconf 78' lang='lat' dir='ltr'>reddit,</span> <span class='ocrx_word' id='word_1_148' title='bbox 1767 1603 1817 1643; x_wconf 86' lang='lat' dir='ltr'>ut</span> 
     </span>
     <span class='ocr_line' id='line_1_21' title="bbox 320 1666 1816 1722; baseline 0.003 -15"><span class='ocrx_word' id='word_1_149' title='bbox 320 1666 450 1708; x_wconf 90' lang='lat' dir='ltr'>etiam</span> <span class='ocrx_word' id='word_1_150' title='bbox 482 1668 615 1709; x_wconf 88' lang='lat' dir='ltr'>verba</span> <span class='ocrx_word' id='word_1_151' title='bbox 655 1668 819 1711; x_wconf 89' lang='lat' dir='ltr'>directa</span> <span class='ocrx_word' id='word_1_152' title='bbox 853 1669 993 1711; x_wconf 86' lang='lat' dir='ltr'>Aiacis</span> <span class='ocrx_word' id='word_1_153' title='bbox 1025 1672 1070 1711; x_wconf 87' lang='lat' dir='ltr'>et</span> <span class='ocrx_word' id='word_1_154' title='bbox 1101 1670 1238 1722; x_wconf 86' lang='lat' dir='ltr'>patris</span> <span class='ocrx_word' id='word_1_155' title='bbox 1275 1682 1386 1722; x_wconf 86' lang='lat' dir='ltr'>quae</span> <span class='ocrx_word' id='word_1_156' title='bbox 1416 1669 1460 1712; x_wconf 92' lang='lat' dir='ltr'>in</span> <span class='ocrx_word' id='word_1_157' title='bbox 1490 1670 1686 1712; x_wconf 87' lang='lat' dir='ltr'>oratione</span> <span class='ocrx_word' id='word_1_158' title='bbox 1717 1667 1816 1713; x_wconf 88' lang='lat' dir='ltr'>Cal-</span> 
     </span>
     <span class='ocr_line' id='line_1_22' title="bbox 319 1733 1815 1791; baseline 0.004 -14"><span class='ocrx_word' id='word_1_159' title='bbox 319 1736 485 1779; x_wconf 88' lang='lat' dir='ltr'>chantis</span> <span class='ocrx_word' id='word_1_160' title='bbox 530 1738 668 1780; x_wconf 91' lang='lat' dir='ltr'>locum</span> <span class='ocrx_word' id='word_1_161' title='bbox 710 1739 952 1790; x_wconf 80' lang='lat' dir='ltr'>habuerint,</span> <span class='ocrx_word' id='word_1_162' title='bbox 996 1752 1062 1782; x_wconf 90' lang='lat' dir='ltr'>vv.</span> <span class='ocrx_word' id='word_1_163' title='bbox 1098 1741 1243 1790; x_wconf 85' lang='lat' dir='ltr'>764l5,</span> <span class='ocrx_word' id='word_1_164' title='bbox 1287 1742 1432 1790; x_wconf 88' lang='grc'><strong>76719,</strong></span> <span class='ocrx_word' id='word_1_165' title='bbox 1476 1741 1607 1791; x_wconf 89' lang='grc'><strong>77415</strong></span> <span class='ocrx_word' id='word_1_166' title='bbox 1651 1733 1815 1783; x_wconf 78' lang='lat' dir='ltr'>directa</span> 
     </span>
     <span class='ocr_line' id='line_1_23' title="bbox 319 1800 1816 1862; baseline 0.003 -16"><span class='ocrx_word' id='word_1_167' title='bbox 319 1805 467 1848; x_wconf 84' lang='lat' dir='ltr'>refert.</span> <span class='ocrx_word' id='word_1_168' title='bbox 547 1806 602 1849; x_wconf 91' lang='lat' dir='ltr'>In</span> <span class='ocrx_word' id='word_1_169' title='bbox 653 1808 868 1862; x_wconf 85' lang='lat' dir='ltr'>Antigona</span> <span class='ocrx_word' id='word_1_170' title='bbox 923 1800 1231 1850; x_wconf 70' lang='lat'>1211—1218&#39;</span> <span class='ocrx_word' id='word_1_171' title='bbox 1271 1809 1474 1851; x_wconf 86' lang='lat' dir='ltr'>mandata.</span> <span class='ocrx_word' id='word_1_172' title='bbox 1525 1809 1720 1854; x_wconf 83' lang='lat' dir='ltr'>Creontis</span> <span class='ocrx_word' id='word_1_173' title='bbox 1750 1813 1816 1852; x_wconf 61' lang='lat' dir='ltr'>‘et</span> 
     </span>
     <span class='ocr_line' id='line_1_24' title="bbox 322 1877 1812 1930; baseline 0.005 -14"><span class='ocrx_word' id='word_1_174' title='bbox 322 1877 608 1917; x_wconf 76' lang='lat'>1228—1230</span> <span class='ocrx_word' id='word_1_175' title='bbox 661 1889 811 1929; x_wconf 89' lang='lat' dir='ltr'>preces</span> <span class='ocrx_word' id='word_1_176' title='bbox 862 1879 979 1930; x_wconf 88' lang='lat' dir='ltr'>ipsas</span> <span class='ocrx_word' id='word_1_177' title='bbox 1026 1877 1163 1928; x_wconf 88' lang='lat' dir='ltr'>affert,</span> <span class='ocrx_word' id='word_1_178' title='bbox 1216 1878 1259 1919; x_wconf 90' lang='lat' dir='ltr'>in</span> <span class='ocrx_word' id='word_1_179' title='bbox 1300 1878 1536 1920; x_wconf 88' lang='lat' dir='ltr'>Trachiniis</span> <span class='ocrx_word' id='word_1_180' title='bbox 1584 1881 1812 1924; x_wconf 85' lang='grc'><strong>797-802,</strong></span> 
     </span>
     <span class='ocr_line' id='line_1_25' title="bbox 322 1944 1811 1998; baseline 0.003 -13"><span class='ocrx_word' id='word_1_181' title='bbox 322 1944 474 1998; x_wconf 88' lang='lat' dir='ltr'>Hyllus</span> <span class='ocrx_word' id='word_1_182' title='bbox 506 1945 637 1987; x_wconf 88' lang='lat' dir='ltr'>verba</span> <span class='ocrx_word' id='word_1_183' title='bbox 672 1945 867 1988; x_wconf 91' lang='lat' dir='ltr'>Herculis</span> <span class='ocrx_word' id='word_1_184' title='bbox 900 1946 1054 1998; x_wconf 88' lang='lat' dir='ltr'>quibus</span> <span class='ocrx_word' id='word_1_185' title='bbox 1085 1957 1132 1987; x_wconf 89' lang='lat' dir='ltr'>se</span> <span class='ocrx_word' id='word_1_186' title='bbox 1176 1945 1387 1988; x_wconf 89' lang='lat' dir='ltr'>allocutus</span> <span class='ocrx_word' id='word_1_187' title='bbox 1419 1946 1476 1987; x_wconf 87' lang='lat' dir='ltr'>sit</span> <span class='ocrx_word' id='word_1_188' title='bbox 1506 1948 1551 1987; x_wconf 87' lang='lat' dir='ltr'>et</span> <span class='ocrx_word' id='word_1_189' title='bbox 1583 1949 1811 1989; x_wconf 84' lang='lat'>920—922</span> 
     </span>
     <span class='ocr_line' id='line_1_26' title="bbox 318 2011 1826 2067; baseline 0.002 -12"><span class='ocrx_word' id='word_1_190' title='bbox 318 2014 465 2056; x_wconf 88' lang='lat' dir='ltr'>nutrix</span> <span class='ocrx_word' id='word_1_191' title='bbox 497 2017 674 2067; x_wconf 89' lang='lat' dir='ltr'>questus</span> <span class='ocrx_word' id='word_1_192' title='bbox 698 2014 938 2056; x_wconf 86' lang='lat' dir='ltr'>Deianirae.</span> <span class='ocrx_word' id='word_1_193' title='bbox 1001 2013 1051 2055; x_wconf 88' lang='lat' dir='ltr'>O.</span> <span class='ocrx_word' id='word_1_194' title='bbox 1075 2012 1123 2055; x_wconf 92' lang='lat' dir='ltr'>C.</span> <span class='ocrx_word' id='word_1_195' title='bbox 1150 2017 1433 2055; x_wconf 87' lang='lat'>1611—1619</span> <span class='ocrx_word' id='word_1_196' title='bbox 1457 2017 1501 2056; x_wconf 91' lang='lat' dir='ltr'>et</span> <span class='ocrx_word' id='word_1_197' title='bbox 1526 2011 1826 2067; x_wconf 42' lang='grc'><strong>1626-1627,</strong></span> 
     </span>
     <span class='ocr_line' id='line_1_27' title="bbox 320 2083 1811 2139; baseline 0.001 -14"><span class='ocrx_word' id='word_1_198' title='bbox 320 2087 364 2126; x_wconf 88' lang='lat' dir='ltr'>et</span> <span class='ocrx_word' id='word_1_199' title='bbox 399 2086 683 2125; x_wconf 81' lang='lat'>1631—1635</span> <span class='ocrx_word' id='word_1_200' title='bbox 730 2083 861 2126; x_wconf 88' lang='lat' dir='ltr'>verba</span> <span class='ocrx_word' id='word_1_201' title='bbox 907 2083 1069 2126; x_wconf 84' lang='lat' dir='ltr'>directa</span> <span class='ocrx_word' id='word_1_202' title='bbox 1110 2083 1249 2124; x_wconf 86' lang='lat' dir='ltr'>locum</span> <span class='ocrx_word' id='word_1_203' title='bbox 1294 2083 1455 2126; x_wconf 88' lang='lat' dir='ltr'>habent</span> <span class='ocrx_word' id='word_1_204' title='bbox 1471 2083 1514 2139; x_wconf 85' lang='lat'>¹).</span> <span class='ocrx_word' id='word_1_205' title='bbox 1576 2085 1626 2127; x_wconf 90' lang='lat' dir='ltr'>Id</span> <span class='ocrx_word' id='word_1_206' title='bbox 1664 2089 1811 2127; x_wconf 89' lang='lat' dir='ltr'>autem</span> 
     </span>
     <span class='ocr_line' id='line_1_28' title="bbox 321 2153 1810 2206; baseline 0.001 -11"><span class='ocrx_word' id='word_1_207' title='bbox 321 2153 762 2196; x_wconf 74' lang='lat' dir='ltr'>observes&#39;nuntium</span> <span class='ocrx_word' id='word_1_208' title='bbox 806 2153 1087 2206; x_wconf 86' lang='lat' dir='ltr'>Sophocleum</span> <span class='ocrx_word' id='word_1_209' title='bbox 1131 2165 1339 2205; x_wconf 88' lang='lat' dir='ltr'>nusquam</span> <span class='ocrx_word' id='word_1_210' title='bbox 1385 2157 1524 2196; x_wconf 90' lang='lat' dir='ltr'>totum</span> <span class='ocrx_word' id='word_1_211' title='bbox 1571 2166 1810 2197; x_wconf 86' lang='lat' dir='ltr'>sermonem</span> 
     </span>
     <span class='ocr_line' id='line_1_29' title="bbox 321 2221 1831 2275; baseline 0.002 -11"><span class='ocrx_word' id='word_1_212' title='bbox 321 2235 446 2275; x_wconf 89' lang='lat' dir='ltr'>quem</span> <span class='ocrx_word' id='word_1_213' title='bbox 480 2223 562 2264; x_wconf 90' lang='lat' dir='ltr'>duo</span> <span class='ocrx_word' id='word_1_214' title='bbox 594 2223 786 2265; x_wconf 87' lang='lat' dir='ltr'>homines</span> <span class='ocrx_word' id='word_1_215' title='bbox 818 2222 1008 2272; x_wconf 88' lang='lat' dir='ltr'>fecerint,</span> <span class='ocrx_word' id='word_1_216' title='bbox 1051 2221 1211 2263; x_wconf 87' lang='lat' dir='ltr'>imitari</span> <span class='ocrx_word' id='word_1_217' title='bbox 1253 2235 1391 2275; x_wconf 90' lang='lat' dir='ltr'>neque</span> <span class='ocrx_word' id='word_1_218' title='bbox 1435 2235 1676 2266; x_wconf 88' lang='lat' dir='ltr'>sermonem</span> <span class='ocrx_word' id='word_1_219' title='bbox 1706 2224 1831 2267; x_wconf 51' lang='lat' dir='ltr'>coti-¹</span> 
     </span>
     <span class='ocr_line' id='line_1_30' title="bbox 321 2291 1810 2346; baseline 0.001 -12"><span class='ocrx_word' id='word_1_220' title='bbox 321 2293 505 2341; x_wconf 87' lang='lat' dir='ltr'>dianum,</span> <span class='ocrx_word' id='word_1_221' title='bbox 549 2293 662 2345; x_wconf 89' lang='lat' dir='ltr'>quod</span> <span class='ocrx_word' id='word_1_222' title='bbox 702 2292 841 2333; x_wconf 90' lang='lat' dir='ltr'>nuntii</span> <span class='ocrx_word' id='word_1_223' title='bbox 872 2291 1095 2344; x_wconf 91' lang='lat' dir='ltr'>Euripidei</span> <span class='ocrx_word' id='word_1_224' title='bbox 1135 2291 1177 2332; x_wconf 90' lang='lat' dir='ltr'>in</span> <span class='ocrx_word' id='word_1_225' title='bbox 1219 2292 1530 2344; x_wconf 88' lang='lat' dir='ltr'>posterioribus</span> <span class='ocrx_word' id='word_1_226' title='bbox 1573 2294 1810 2346; x_wconf 89' lang='lat' dir='ltr'>tragoediis</span> 
     </span>
     <span class='ocr_line' id='line_1_31' title="bbox 319 2361 770 2403; baseline -0.004 0"><span class='ocrx_word' id='word_1_227' title='bbox 319 2361 434 2403; x_wconf 89' lang='lat' dir='ltr'>haud</span> <span class='ocrx_word' id='word_1_228' title='bbox 465 2373 563 2403; x_wconf 86' lang='lat' dir='ltr'>raro</span> <span class='ocrx_word' id='word_1_229' title='bbox 596 2361 770 2403; x_wconf 81' lang='lat' dir='ltr'>faciunt.</span> 
     </span>
    </p>

    <p class='ocr_par' dir='ltr' id='par_1_5' title="bbox 321 2429 1809 2612">
     <span class='ocr_line' id='line_1_32' title="bbox 436 2429 1809 2483; baseline 0.001 -11"><span class='ocrx_word' id='word_1_230' title='bbox 436 2430 695 2483; x_wconf 74' lang='grc' dir='ltr'><em>Ἐκφράσεις</em></span> <span class='ocrx_word' id='word_1_231' title='bbox 725 2431 864 2472; x_wconf 79' lang='grc' dir='ltr'><strong>τόπου</strong></span> <span class='ocrx_word' id='word_1_232' title='bbox 896 2429 1046 2483; x_wconf 89' lang='lat' dir='ltr'>Hyllus</span> <span class='ocrx_word' id='word_1_233' title='bbox 1077 2430 1121 2471; x_wconf 92' lang='lat' dir='ltr'>in</span> <span class='ocrx_word' id='word_1_234' title='bbox 1143 2430 1293 2472; x_wconf 87' lang='lat' dir='ltr'>Trach.</span> <span class='ocrx_word' id='word_1_235' title='bbox 1319 2432 1450 2481; x_wconf 89' lang='grc'><strong>75214</strong></span> <span class='ocrx_word' id='word_1_236' title='bbox 1481 2433 1525 2472; x_wconf 91' lang='lat' dir='ltr'>et</span> <span class='ocrx_word' id='word_1_237' title='bbox 1560 2431 1734 2473; x_wconf 90' lang='lat' dir='ltr'>nuntius</span> <span class='ocrx_word' id='word_1_238' title='bbox 1765 2432 1809 2473; x_wconf 92' lang='lat' dir='ltr'>in</span> 
     </span>
     <span class='ocr_line' id='line_1_33' title="bbox 321 2498 1808 2554; baseline 0.001 -12"><span class='ocrx_word' id='word_1_239' title='bbox 321 2500 372 2543; x_wconf 93' lang='grc' dir='ltr'>Ο.</span> <span class='ocrx_word' id='word_1_240' title='bbox 395 2498 442 2542; x_wconf 91' lang='lat' dir='ltr'>C.</span> <span class='ocrx_word' id='word_1_241' title='bbox 479 2501 638 2551; x_wconf 87' lang='grc'><strong>159214</strong></span> <span class='ocrx_word' id='word_1_242' title='bbox 680 2500 922 2550; x_wconf 90' lang='lat' dir='ltr'>instituunt,</span> <span class='ocrx_word' id='word_1_243' title='bbox 968 2500 1081 2552; x_wconf 91' lang='lat' dir='ltr'>quod</span> <span class='ocrx_word' id='word_1_244' title='bbox 1124 2499 1216 2541; x_wconf 86' lang='lat' dir='ltr'>loca</span> <span class='ocrx_word' id='word_1_245' title='bbox 1258 2500 1312 2542; x_wconf 90' lang='lat' dir='ltr'>ad</span> <span class='ocrx_word' id='word_1_246' title='bbox 1357 2512 1446 2542; x_wconf 88' lang='lat' dir='ltr'>rem</span> <span class='ocrx_word' id='word_1_247' title='bbox 1482 2503 1622 2542; x_wconf 87' lang='lat' dir='ltr'>actam</span> <span class='ocrx_word' id='word_1_248' title='bbox 1655 2513 1808 2554; x_wconf 88' lang='lat' dir='ltr'>cogno-</span> 
     </span>
     <span class='ocr_line' id='line_1_34' title="bbox 321 2569 943 2612; baseline -0.003 0"><span class='ocrx_word' id='word_1_249' title='bbox 321 2570 521 2612; x_wconf 88' lang='lat' dir='ltr'>scendam</span> <span class='ocrx_word' id='word_1_250' title='bbox 556 2569 800 2612; x_wconf 89' lang='lat' dir='ltr'>necessaria</span> <span class='ocrx_word' id='word_1_251' title='bbox 831 2572 943 2611; x_wconf 88' lang='lat' dir='ltr'>sunt.</span> 
     </span>
    </p>

    <p class='ocr_par' dir='ltr' id='par_1_6' title="bbox 321 2639 1809 2764">
     <span class='ocr_line' id='line_1_35' title="bbox 436 2639 1809 2692; baseline 0.001 -11"><span class='ocrx_word' id='word_1_252' title='bbox 436 2639 579 2681; x_wconf 87' lang='lat' dir='ltr'>Etiam</span> <span class='ocrx_word' id='word_1_253' title='bbox 609 2640 725 2692; x_wconf 88' lang='lat' dir='ltr'>apud</span> <span class='ocrx_word' id='word_1_254' title='bbox 757 2639 1009 2692; x_wconf 88' lang='lat' dir='ltr'>Sophoclem</span> <span class='ocrx_word' id='word_1_255' title='bbox 1043 2639 1155 2691; x_wconf 89' lang='lat' dir='ltr'>quod</span> <span class='ocrx_word' id='word_1_256' title='bbox 1188 2651 1310 2680; x_wconf 90' lang='lat' dir='ltr'>usum</span> <span class='ocrx_word' id='word_1_257' title='bbox 1351 2639 1676 2682; x_wconf 89' lang='lat' dir='ltr'>similitudinum</span> <span class='ocrx_word' id='word_1_258' title='bbox 1707 2641 1809 2682; x_wconf 87' lang='lat' dir='ltr'>atti-</span> 
     </span>
     <span class='ocr_line' id='line_1_36' title="bbox 321 2707 1808 2764; baseline 0.003 -17"><span class='ocrx_word' id='word_1_259' title='bbox 321 2712 407 2757; x_wconf 89' lang='lat' dir='ltr'>net,</span> <span class='ocrx_word' id='word_1_260' title='bbox 452 2708 568 2750; x_wconf 89' lang='lat' dir='ltr'>nulla</span> <span class='ocrx_word' id='word_1_261' title='bbox 612 2707 871 2764; x_wconf 19' lang='lat' dir='ltr'>differentia,</span> <span class='ocrx_word' id='word_1_262' title='bbox 899 2711 966 2750; x_wconf 86' lang='lat' dir='ltr'>est</span> <span class='ocrx_word' id='word_1_263' title='bbox 1009 2708 1120 2750; x_wconf 89' lang='lat' dir='ltr'>inter</span> <span class='ocrx_word' id='word_1_264' title='bbox 1164 2708 1379 2761; x_wconf 88' lang='lat' dir='ltr'>dialogum</span> <span class='ocrx_word' id='word_1_265' title='bbox 1407 2712 1472 2755; x_wconf 74' lang='lat' dir='ltr'>,et</span> <span class='ocrx_word' id='word_1_266' title='bbox 1515 2708 1808 2764; x_wconf 86' lang='lat' dir='ltr'>narrationes;</span> 
     </span>
    </p>
   </div>
   <div class='ocr_carea' id='block_1_4' title="bbox 321 2812 595 2819">
    <p class='ocr_par' dir='ltr' id='par_1_7' title="bbox 321 2812 595 2819">
     <span class='ocr_line' id='line_1_37' title="bbox 321 2812 595 2819; baseline 0 489"><span class='ocrx_word' id='word_1_267' title='bbox 321 2812 595 2819; x_wconf 95' lang='lat' dir='ltr'> </span> 
     </span>
    </p>
   </div>
   <div class='ocr_carea' id='block_1_5' title="bbox 405 2865 989 2922">
    <p class='ocr_par' dir='ltr' id='par_1_8' title="bbox 405 2865 989 2922">
     <span class='ocr_line' id='line_1_38' title="bbox 405 2865 989 2922; baseline 0.003 -8"><span class='ocrx_word' id='word_1_268' title='bbox 405 2865 407 2867; x_wconf 21' lang='grc' dir='ltr'>Ι</span> <span class='ocrx_word' id='word_1_269' title='bbox 443 2881 477 2922; x_wconf 94' lang='grc'>1)</span> <span class='ocrx_word' id='word_1_270' title='bbox 503 2892 535 2915; x_wconf 88' lang='lat' dir='ltr'>v.</span> <span class='ocrx_word' id='word_1_271' title='bbox 565 2885 655 2917; x_wconf 70' lang='lat'>1640</span> <span class='ocrx_word' id='word_1_272' title='bbox 682 2888 781 2918; x_wconf 84' lang='lat' dir='ltr'>certo</span> <span class='ocrx_word' id='word_1_273' title='bbox 806 2881 989 2918; x_wconf 87' lang='lat' dir='ltr'>delendus.</span> 
     </span>
    </p>
   </div>
  </div>
 </body>
</html>
