1950 3308
698 271 987 311 -19-

90 396 159 446 vv.
193 389 476 430 1170—1171
846 385 909 435 εἰς
939 385 1072 434 ἄλλας
1102 384 1243 434 πύλας

266 457 587 512 ἠπειγόμεσθα,
618 463 749 499 τοῦτο
781 456 1032 505 παύσαντες
1063 460 1230 498 νοσοῦν

91 526 162 571 Sic
193 531 326 582 poeta
357 540 428 571 res
461 539 568 582 quas
601 526 752 569 eodem
785 525 875 568 fere
907 529 1105 579 tempore
1136 524 1274 568 factas
1306 517 1404 568 esse
1427 535 1600 567 consen-

90 601 269 642 taneum
302 602 383 650 est,
414 598 476 640 ita
508 596 713 640 describit
743 599 793 638 ut
823 595 964 638 altera
996 595 1178 637 alteram
1210 598 1431 649 sequatur.

210 667 335 720 Quod
365 667 544 711 nuntius
576 678 647 709 res
669 668 923 719 conspectas
955 664 1068 707 solas
1099 669 1263 716 narrat,
1296 665 1351 708 ad
1374 675 1604 718 argumen-

92 743 187 782 tum
229 737 490 781 narrationis
536 737 672 790 ipsius
705 735 879 778 maximi
928 735 1134 778 momenti
1174 741 1262 778 est:
1309 735 1486 778 nuntius
1518 746 1603 777 non

92 808 236 853 omnia
251 819 446 868 ,narrare
475 810 625 861 potest
656 810 701 849 et
733 805 847 849 facta
879 809 997 848 certo
1030 805 1179 848 ordine
1210 805 1408 860 proferre
1431 797 1621 848 coactus⁴

91 881 174 928 est,
206 889 258 921 eo
291 878 441 921 ordine
464 890 548 932 quo
581 877 625 920 in
656 880 935 931 conspectum
969 879 1206 928 venerunt;
1239 876 1354 930 quod
1387 874 1603 918 nonnullis

92 947 303 1003 exemplis
346 948 715 990 demonstremus:
763 947 806 989 in
838 947 994 990 Medea
1037 947 1214 990 nuntius
1260 959 1345 988 non
1389 946 1537 989 statim
1578 957 1604 987 a

90 1018 243 1074 primis
275 1018 420 1061 verbis
452 1018 506 1060 de
539 1016 706 1060 Creusa
739 1029 917 1060 narrare
948 1021 1109 1074 potest,
1154 1017 1231 1059 sed
1263 1017 1434 1060 demum
1467 1029 1520 1060 ex
1552 1030 1603 1061 eo

91 1092 290 1143 tempore
321 1101 406 1142 quo
437 1088 598 1130 liberos
629 1087 912 1142 Iasonemque
945 1091 1121 1130 secutus
1153 1087 1390 1130 thalamum
1414 1086 1603 1131 Creusae

91 1159 227 1202 intrat
275 1158 329 1212 (v.
364 1161 475 1200 1142
491 1157 614 1212 sqq.).
692 1157 815 1200 Alter
859 1157 1036 1200 nuntius
1082 1157 1126 1199 in
1172 1156 1205 1198 Ι.
1228 1156 1276 1199 Τ.
1314 1160 1604 1200 1336—1344

29 1233 31 1235 ’
91 1232 323 1284 postquam
355 1227 535 1271 Orestes
583 1232 628 1271 et
671 1227 900 1282 Iphigenia
947 1229 1001 1270 ad
1047 1227 1150 1270 litus
1197 1228 1514 1279 abscesserunt,
1560 1228 1604 1271 id

92 1299 232 1343 solum
275 1304 451 1342 enarrat
494 1298 598 1352 quid
644 1302 843 1353 pastores
876 1299 991 1341 inter
1023 1310 1069 1341 se
1100 1297 1281 1341 fecerint
1311 1310 1454 1352 neque
1486 1298 1603 1352 quic-

94 1381 222 1424 quam
249 1369 304 1412 de
326 1368 483 1412 Oreste
513 1372 558 1412 et
579 1368 807 1423 Iphigenia
838 1369 940 1423 quid
972 1368 1154 1412 fecerint
1175 1368 1323 1422 prodit
1345 1381 1603 1423 quamquam

93 1439 175 1485 boe
216 1439 393 1482 maioris
437 1439 642 1483 momenti
686 1443 766 1482 est.
831 1438 938 1482 Cum
982 1442 1130 1482 autem
1176 1438 1354 1481 comites
1398 1439 1603 1483 TaurIcos

71 1509 348 1564 vIphigeniae
379 1509 623 1564 suspicione
655 1514 890 1552 commotos
922 1510 978 1552 ad
1009 1510 1112 1552 litus
1134 1509 1403 1564 procurrisse
1426 1522 1464 1552 v.
1493 1513 1602 1552 1345

91 1583 255 1632 narret,
286 1580 444 1624 iterum
476 1580 530 1623 de
552 1579 708 1623 Oreste
741 1583 785 1623 et
806 1580 1035 1634 Iphigenia
1065 1593 1244 1636 narrare
1275 1583 1435 1634 potest.
1483 1580 1602 1623 Idem

90 1650 135 1694 in
166 1649 318 1706 Suppl.
350 1651 496 1693 valere
538 1650 723 1701 videtur,
765 1651 808 1692 in
841 1663 907 1693 vv.
941 1654 1172 1693 651—652
1235 1649 1349 1705 ἀμφὶ
1383 1651 1423 1692 δ’
1456 1649 1603 1693 Ἠλέκ-

90 1736 196 1775 τρας
226 1720 370 1771 πύλας
400 1717 533 1775 ἔστην
563 1720 728 1775 θεατὴς
758 1721 934 1774 πύργον
956 1720 1093 1775 εὐαγῆ
1115 1721 1266 1775 λαβὼν
1288 1721 1304 1774 ΙΙ
1328 1719 1418 1775 ὁρῶ
1442 1718 1491 1762 δὲ
1514 1736 1601 1763 κτε.

25 1806 28 1810 ·
91 1791 203 1834 enim
235 1790 414 1834 nuntius
445 1790 549 1834 dicit
577 1803 626 1834 se
656 1791 701 1834 in
731 1791 843 1833 turri
875 1794 1063 1834 stantem
1097 1791 1332 1834 exercitum
1366 1790 1526 1834 vidisse
1557 1794 1602 1833 et

90 1873 131 1904 v.
164 1863 248 1904 653
263 1873 355 1916 sqq.
397 1861 531 1904 aciem
576 1873 710 1915 usque
753 1861 809 1904 ad
841 1861 993 1904 collem
1024 1861 1241 1904 Ismenum
1286 1860 1460 1903 ductam
1492 1873 1598 1904 esse.

91 1930 177 1975 Sed
219 1931 352 1975 verba
393 1931 436 1974 in
468 1944 508 1974 v.
541 1934 624 1974 655
671 1931 730 1981 ὡς
761 1931 843 1986 μὲν
875 1927 930 1986 ἦν
974 1932 1105 1986 λόγος
1148 1944 1233 1974 non
1276 1930 1456 1974 ferenda
1499 1935 1601 1974 sunt

91 2003 206 2057 quod
237 2002 370 2046 verba
401 2001 491 2057 ὁρῶ
523 1999 572 2044 δὲ
604 2015 642 2044 v.
677 2005 759 2044 653
793 2005 1122 2045 antecesserunt
1136 2001 1180 2058 1).
1243 2001 1351 2044 Nam
1385 2002 1599 2055 quomodo

89 2073 217 2116 homo
261 2073 454 2127 quisquis
487 2077 554 2116 est
586 2073 729 2115 dicere
760 2075 931 2126 potest:
980 2072 1067 2114 vidi
1099 2073 1215 2126 quod
1246 2072 1406 2115 audivi.
1470 2072 1599 2114 Prae-

90 2147 214 2186 terea
244 2143 422 2186 nuntius
453 2156 479 2185 a
501 2155 539 2184 v.
564 2145 646 2185 697
680 2146 804 2195 gesta
837 2141 993 2185 Thesei
1026 2145 1114 2184 tam
1146 2145 1349 2185 accurate
1381 2141 1599 2194 describit,

92 2217 142 2256 ut
173 2225 212 2255 v.
246 2216 330 2256 655
378 2225 476 2255 eum
509 2213 708 2255 dextrum
740 2224 873 2255 cornu
906 2225 990 2266 quo
1023 2212 1216 2255 Theseus
1248 2212 1384 2262 stetit,
1422 2225 1508 2255 non
1540 2213 1600 2255 vi-

92 2283 209 2328 disse
241 2283 400 2326 dixisse
431 2294 515 2325 non
546 2282 698 2337 possit.
759 2281 843 2325 Pro
875 2282 1020 2325 verbis
1049 2282 1109 2332 ὡς
1139 2280 1221 2336 μὲν
1253 2278 1308 2337 ἦν
1338 2283 1471 2337 λόγος
1494 2278 1604 2326 hanc

92 2353 354 2398 sententiam
397 2351 530 2398 fuisse
569 2355 707 2407 puto:
753 2364 806 2395 ex
849 2352 993 2395 verbis
1033 2353 1337 2407 τευχεσφόρον
1378 2350 1461 2407 μὲν
1493 2353 1603 2395 λαὸν

91 2439 178 2468 xvc.
209 2424 341 2468 etiam
373 2437 485 2468 nunc
506 2423 801 2478 intellegimus
826 2423 1024 2466 nuntium
1046 2423 1179 2466 verba
1202 2425 1325 2478 φῦλα
1347 2425 1448 2478 τρία
1467 2430 1603 2478 τριῶν

94 2494 433 2550 στρατευμάτων
473 2494 717 2549 explicare:
765 2498 867 2537 sunt
898 2497 989 2536 tres
1021 2496 1183 2547 partes.
1250 2493 1603 2536 Wilamowitzius

93 2564 137 2608 in
169 2564 358 2609 editione
388 2569 433 2609 et
466 2565 613 2608 Herm.
639 2567 707 2619 26,
742 2567 825 2607 233
858 2564 938 2607 has
969 2567 1060 2606 tres
1093 2575 1244 2607 manus
1275 2562 1493 2615 intellegit
1524 2562 1603 2604 hoc

217 2743 253 2787 1)
278 2741 431 2787 Murray
457 2740 569 2776 verba
593 2740 642 2780 ὡς
666 2739 735 2785 μὲν
760 2736 809 2785 ἦν
833 2739 942 2786 λόγος
968 2741 1147 2786 explicat:
1175 2739 1228 2774 sic
1255 2739 1385 2775 saltem
1410 2738 1512 2774 illum
1529 2737 1602 2774 col—

93 2801 164 2838 lem
189 2801 314 2837 vocari
339 2800 487 2846 audivi;
513 2811 585 2836 non
611 2803 724 2842 recte,
750 2809 835 2835 nam
862 2811 906 2836 ex
931 2800 1146 2836 narratione
1172 2798 1389 2844 insequente
1414 2797 1524 2834 facile
1548 2797 1602 2832 in-

93 2861 284 2907 tellegitur
312 2861 498 2905 regionem
524 2860 623 2895 circa
649 2859 794 2895 Thebas
822 2859 929 2895 sitam
956 2860 1086 2895 nuntio
1112 2862 1238 2894 notam
1262 2868 1362 2904 esse;
1399 2867 1518 2903 neque
1544 2858 1601 2891 hic

96 2931 226 2957 sensus
251 2921 372 2957 verbis
398 2921 446 2962 ὡς
471 2918 540 2966 μὲν
565 2915 614 2965 ἦν
639 2917 747 2964 λόγος
773 2919 927 2964 exprimi
953 2922 1087 2964 potest.

1264 2978 1321 3022 2*
