1950 3308
874 278 1130 315 -4-

259 395 369 436 ratio
402 394 713 447 spectatoribus
745 392 845 445 quid
879 391 1086 433 Hercules
1133 391 1175 433 in
1207 393 1313 434 aede
1346 393 1531 449 gesserit
1561 393 1749 448 explicat

260 469 303 505 et
343 464 395 505 ad
433 463 643 505 actionem
682 462 1014 515 promovendam
1046 461 1149 503 nihil
1192 462 1319 504 valet.
1383 462 1484 504 Hec.
1520 466 1748 507 220--224

258 533 406 574 Ulixes
454 533 505 573 de
552 531 724 572 consilio
758 530 1014 582 Argivorum
1062 530 1253 573 referens
1295 533 1474 573 mortem
1507 530 1750 585 Polyxenae

259 601 542 655 oppetendam
575 611 668 641 esse
699 600 884 641 nuntiat.
931 599 1024 642 Hac
1046 600 1291 642 narratione
1323 601 1434 643 actio
1456 602 1749 654 promovetur,

258 671 370 722 quod
413 682 490 722 per
532 672 668 710 totam
709 669 975 721 tragoediam
1021 681 1159 711 mores
1201 669 1402 712 Hecubae
1445 673 1652 723 quantum
1692 669 1750 712 ad

256 739 442 780 furorem
474 738 630 780 novis
661 741 789 791 atque
820 738 1024 780 inauditis
1055 739 1291 780 terroribus
1324 739 1606 792 abripiantur,
1647 751 1748 794 ape-

254 808 376 849 ritur.
436 807 469 848 Ι.
501 808 547 849 T.
580 810 807 850 940—978
841 807 1018 850 Orestes
1050 811 1279 861 postquam
1310 809 1446 851 sorori
1482 821 1560 862 per
1590 808 1748 852 sticho-

254 876 460 930 mythiam
482 876 617 918 multa
639 876 750 918 mala
780 877 860 919 sibi
888 880 986 929 post
1009 880 1189 918 mortem
1212 876 1552 930 Clytaemestrae
1572 877 1749 921 ferenda

254 945 386 988 fuisse
416 945 658 998 explicavit,
692 958 729 987 v.
755 948 836 987 939
868 945 1104 1001 longiorem
1127 946 1416 988 narrationem
1450 958 1525 988 cur
1554 946 1611 989 ad
1639 946 1750 990 hanc
1780 987 1782 990 ,

253 1019 415 1057 terram
447 1015 614 1056 venerit
644 1015 807 1067 incipit.
860 1015 977 1057 Haec
998 1015 1189 1057 narratio
1212 1019 1384 1068 raptum
1406 1015 1604 1069 imaginis
1625 1027 1749 1070 prae-

253 1088 391 1137 parat.
450 1084 609 1125 Phoen.
647 1086 930 1125 1217—1263
962 1077 1139 1126 nuntius
1170 1087 1398 1138 postquam
1430 1097 1616 1139 pugnam
1648 1089 1778 1143 ante,

254 1165 398 1195 muros
421 1153 662 1195 Thebarum
687 1154 953 1195 commissam
987 1167 1022 1195 v.
1050 1154 1334 1196 1090—1199
1365 1155 1596 1205 enarravit,
1628 1154 1749 1198 addit

254 1222 411 1264 fratres
442 1223 554 1264 inter
586 1235 631 1264 se
653 1228 920 1275 pugnaturos
953 1235 1059 1265 esse.
1112 1223 1179 1266 Ita
1200 1236 1347 1277 pugna
1379 1227 1424 1265 et
1445 1236 1560 1266 mors
1580 1223 1750 1267 alterna

257 1304 367 1344 quae
388 1291 517 1344 paulo
548 1295 647 1344 post
670 1292 906 1344 nuntiatur,
940 1296 1248 1347 praeparatur;
1281 1296 1510 1346 praeterea
1540 1292 1592 1335 cf.
1615 1291 1748 1336 Andr.

255 1364 497 1411 804—816,
531 1361 700 1403 Heracl.
735 1365 978 1412 393—409,
1013 1363 1170 1404 Troad.
1206 1365 1504 1413 1123-1146,
1536 1362 1569 1404 Ι.
1593 1362 1640 1404 Τ.
1665 1365 1750 1405 260

250 1434 406 1481 -335,
452 1431 547 1473 Hel.
582 1433 809 1473 515-526
843 1451 895 1466 ==
931 1435 1172 1483 529—539,
1219 1434 1460 1483 605—615,
1507 1432 1572 1475 El.
1607 1435 1750 1475 509—

252 1502 348 1553 517,
390 1500 541 1542 Bacch.
575 1503 818 1554 436—448‚
868 1504 1109 1552 616-640,
1160 1505 1401 1552 677-772,
1449 1502 1482 1544 Ι.
1514 1501 1563 1543 A.
1604 1505 1746 1544 414—

252 1573 348 1619 441,
382 1570 511 1611 Rhes.
546 1573 788 1612 284—317.

369 1639 408 1692 c)
440 1639 563 1681 Actio
596 1652 705 1692 quae
727 1641 976 1693 tragoediae
1007 1644 1132 1693 parte
1155 1641 1437 1682 antecedente
1459 1642 1746 1694 praeparatur

200 1734 204 1736 -
249 1720 328 1761 per
348 1708 583 1761 longiorem
606 1710 893 1751 narrationem
917 1710 1169 1762 explicatur,
1203 1713 1251 1751 ut
1276 1709 1429 1751 chorus
1451 1721 1748 1764 personaeque

250 1781 350 1818 ante
372 1789 568 1819 scaenam
590 1783 814 1821 versantes
847 1782 891 1820 et
912 1782 1178 1831 spectatores
1201 1779 1350 1829 sciant,
1384 1779 1438 1820 ad
1470 1791 1596 1832 quem
1618 1777 1745 1820 finem

248 1858 318 1887 res
360 1848 569 1899 perducta
613 1847 680 1889 sit.
743 1848 807 1888 Ex
851 1849 977 1890 rebus
1020 1860 1130 1900 quae
1162 1848 1452 1890 narrationem
1485 1847 1746 1894 antecedunt

248 1919 524 1968 expectamus
556 1929 666 1958 nunc
697 1917 893 1958 nuntium
926 1917 1109 1970 aliquem
1143 1921 1370 1958 venturum
1412 1929 1508 1959 esse
1539 1916 1612 1970 qui
1643 1917 1744 1970 quid

160 2015 162 2018 .
247 1984 439 2027 homines
481 1985 610 2038 paulo
653 1989 754 2027 ante
794 1987 848 2027 ad
890 1998 958 2028 res
990 1986 1199 2038 gerendas
1231 1986 1414 2039 profecti
1459 1987 1626 2039 egerint
1671 1999 1744 2029 ex-

249 2053 392 2106 plicet.
456 2053 560 2096 Cum
593 2055 726 2108 igitur
767 2055 866 2097 talis
908 2055 1098 2097 narratio
1135 2079 1188 2086 —
1219 2059 1268 2098 ut
1299 2056 1360 2098 ita
1392 2056 1527 2098 dicam
1561 2081 1616 2086 —
1647 2055 1743 2098 finis

247 2123 361 2165 illius
392 2123 572 2166 actionis
604 2125 672 2172 sit,
706 2125 953 2166 narratione
985 2128 1163 2177 peracta
1192 2125 1451 2167 intermissio
1484 2125 1665 2168 actionis
1693 2124 1744 2168 fit

248 2193 412 2248 (itaque
454 2193 523 2234 hic
566 2195 736 2247 saepius
778 2194 894 2236 chori
935 2194 1100 2236 cantica
1144 2194 1212 2235 vel
1252 2206 1532 2248 personarum
1565 2193 1743 2238 affectus

246 2263 382 2303 locum
427 2262 617 2315 habent).
679 2263 997 2315 Compositione
1038 2263 1290 2314 tragoediae
1331 2264 1602 2305 narrationes
1635 2275 1741 2317 quas

245 2343 356 2372 nunc
388 2333 645 2373 enumerabo
678 2332 720 2372 in
753 2333 858 2372 duos
890 2331 1060 2372 ordines
1092 2331 1209 2383 iungi
1240 2334 1442 2383 possunt:

361 2400 467 2441 Pars
499 2401 678 2454 actionis
709 2399 954 2441 narratione
987 2399 1245 2450 absolvitur3
1279 2398 1329 2441 cf.
1363 2399 1467 2441 Hec.
1492 2402 1738 2442 515—582:

246 2481 339 2510 cum
361 2469 577 2522 Polyxena
608 2470 691 2511 iam
724 2482 749 2510 a
780 2482 817 2510 v.
840 2472 922 2511 438
954 2472 1072 2510 certe
1103 2471 1284 2510 mortem
1311 2468 1507 2510 subitura
1528 2468 1738 2522 videatur,

245 2539 299 2580 ad
342 2538 386 2580 id
417 2551 546 2580 unum
588 2539 772 2580 animum
815 2538 1077 2580 attendimus
1120 2537 1288 2591 qualem
1331 2541 1511 2580 mortem
1542 2538 1737 2580 subierit.

245 2607 380 2650 Poeta
407 2607 540 2660 igitur
561 2609 683 2651 nobis
706 2607 915 2650 satisfacit
936 2607 1135 2660 quoniam
1158 2619 1236 2659 per
1256 2607 1427 2660 longam
1449 2607 1737 2650 narrationem

245 2676 375 2718 filiam
406 2678 609 2720 Hecubae
654 2681 755 2720 ante
787 2690 904 2719 aram
948 2677 1077 2718 caediv
1112 2677 1233 2729 quasi
1265 2676 1397 2718 oculis
1441 2677 1738 2730 conspicimus.

245 2746 364 2789 Haec
407 2748 596 2790 narratio
639 2748 821 2801 primam
864 2749 1031 2801 partem
1076 2746 1254 2788 actionis
1299 2746 1530 2800 (quatenus
1561 2746 1738 2788 Hecuba

245 2818 383 2857 morte
425 2814 538 2858 filiae
587 2817 816 2871 excitetur)
859 2815 965 2858 finit.
1039 2816 1073 2856 A
1106 2829 1143 2857 v.
1185 2818 1267 2857 658
1311 2827 1393 2868 quo
1440 2814 1600 2857 famula
1639 2827 1735 2856 cum

245 2896 423 2938 corpore
453 2885 653 2939 Polydori
692 2886 899 2939 procedit,
942 2886 1078 2927 altera
1117 2897 1218 2944 pars
1259 2884 1332 2939 (ad
1363 2886 1567 2938 quantam
1597 2883 1734 2926 saevi-
