1950 3308
907 319 1188 357 *36*

302 437 469 478 ratione
514 435 802 488 cognoscimus
849 432 1081 485 Dionysum
1128 433 1321 475 dolosum
1368 435 1498 486 atque
1545 433 1792 479 mendacem

305 518 349 548 se
384 505 579 558 gessisse.
1655 542 1658 545 ,
1726 542 1730 546 .
1849 500 1854 503 “

419 574 466 615 In
499 572 691 614 omnibus
724 570 968 613 nuntiorum
991 571 1308 614 narrationibus
1340 584 1450 625 quae
1477 576 1650 616 exstant
1669 573 1796 618 Euri-

303 644 414 696 pidis
457 643 498 683 in
542 640 789 693 tragoediis,
834 641 1009 683 nuntius
1053 642 1268 684 orationes
1310 642 1547 695 aliquorum
1579 643 1794 687 hominum

304 712 486 753 directas
527 709 666 752 affert.
726 709 878 763 Itaque
920 709 1112 753 homines
1154 711 1207 752 de
1248 711 1402 764 quibus
1443 712 1618 756 nuntius
1650 705 1810 765 refert,‘

301 793 385 822 non
435 779 571 822 solum
623 779 837 830 videmus,
903 780 977 822 sed
1023 780 1153 822 etiam
1202 780 1398 823 audimus
1448 782 1551 835 quid
1596 782 1795 827 dixerint.

300 849 487 891 Nuntius
516 848 627 891 enim
649 849 740 891 sine
764 849 890 891 dubio
921 849 1052 891 verba
1083 861 1192 902 quae
1215 850 1376 892 directa
1406 863 1485 904 per
1505 852 1796 896 narrationem

303 919 496 972 protulit,
541 919 665 960 modo
707 918 917 960 recitandi
948 931 973 960 a
1003 919 1248 960 narratione
1281 919 1475 962 distinxit
1505 924 1635 974 atque
1665 922 1796 967 etiam

304 989 493 1042 singulos
524 987 717 1030 homines
747 987 1106 1041 loquentesvoce
1137 989 1329 1031 imitatus
1371 995 1460 1041 est;
1502 989 1555 1032 cf.
1587 990 1733 1041 Quint.
1762 991 1796 1036 1.

304 1061 342 1100 8.
378 1061 425 1099 3:
469 1069 547 1099 nec
576 1057 912 1111 prosopopoeias
944 1061 992 1099 ut
1023 1058 1275 1111 quibusdam
1308 1058 1471 1111 placet,
1506 1059 1560 1102 ad
1592 1060 1797 1104 comicum
1847 1083 1849 1086 >

304 1139 464 1169 morem
488 1127 758 1180 pronuntiari
790 1127 929 1177 velim,
963 1139 1058 1169 esse
1089 1131 1234 1170 tamen
1263 1126 1423 1170 fluxum
1455 1130 1680 1182 quendam,
1712 1143 1796 1184 quo
1836 1118 1838 1120 ¹

303 1196 623 1250 distinguantur
663 1196 716 1239 ab
749 1195 856 1247 aliis,
901 1196 943 1238 in
984 1196 1137 1249 quibus
1178 1200 1307 1250 poeta
1337 1209 1520 1250 persona
1550 1210 1630 1241 sua
1658 1199 1796 1242 utitur

300 1270 343 1308 et
376 1279 415 1319 q.
449 1278 480 1308 s.
544 1265 667 1316 Quod
709 1266 842 1319 igitur
884 1278 1029 1308 vocem
1071 1266 1288 1309 hominum
1331 1267 1541 1321 audimus,
1587 1271 1682 1312 tota
1725 1281 1796 1312 res

299 1335 435 1388 magis
466 1335 694 1388 perspicua
735 1335 779 1377 in
813 1338 1034 1389 aspectum
1067 1337 1197 1379 venit.
1260 1336 1511 1390 Euripidem
1542 1340 1686 1380 autem
1717 1337 1798 1381 hoo

299 1405 343 1446 in
375 1404 516 1446 verbis
546 1404 764 1447 hominum
806 1405 911 1458 ipsis
943 1404 1171 1448 afferendis
1203 1409 1423 1459 spectasse
1465 1419 1518 1449 ex
1559 1419 1608 1450 eo
1638 1406 1796 1450 intelli·
1855 1453 1859 1457 ,

299 1474 439 1527 gimus
462 1475 574 1527 quod
607 1474 650 1516 in
671 1475 905 1528 tragoediis
926 1475 1250 1528 posterioribus,
1283 1475 1491 1529 imprimis
1522 1477 1564 1518 in
1596 1476 1662 1519 El.
1693 1477 1727 1518 I.
1746 1476 1794 1519 T.

297 1542 385 1594 Or.,
418 1547 614 1586 naturam
637 1544 855 1586 hominum
875 1544 1140 1598 loquentium
1162 1545 1294 1587 multo
1319 1547 1471 1588 melius
1491 1545 1634 1589 reddit
1664 1558 1792 1600 quam

295 1613 338 1655 in
383 1613 622 1666 prioribus3
670 1613 734 1656 of:
776 1614 890 1657 Med.
926 1618 1210 1657 1151—1155
1259 1615 1389 1658 verba
1434 1615 1598 1659 Iasonis
1643 1615 1797 1670 quibus

298 1682 504 1724 Creusam
535 1684 738 1726 admonet
771 1683 1028 1736 afferuntur3
1060 1685 1173 1738 quod
1205 1687 1349 1727 autem
1374 1684 1536 1728 Creusa
1566 1685 1800 1739 respondet

296 1752 438 1794 verbis
467 1752 585 1808 ᾔνεσ’
621 1751 751 1806 ἀνδρὶ
783 1753 925 1795 πάντα
958 1754 1223 1807 exprimitur.
1284 1753 1450 1796 Deinde
1490 1757 1668 1808 questus
1699 1754 1801 1797 Cre-

299 1822 411 1862 ontis
443 1834 507 1863 vv.
544 1826 830 1865 1207—1210
862 1823 1116 1865 redduntur.
1178 1823 1321 1864 Etiam
1361 1824 1405 1865 in
1437 1823 1659 1877 Hippolyti
1698 1836 1796 1865 nar-

301 1890 469 1932 ratione
500 1891 828 1944 (1182——1184;
878 1895 1184 1941 1191—11933
1213 1895 1531 1944 '1240—1242)
1576 1893 1707 1934 verba
1738 1892 1798 1934 di-

312 1963 430 2002 recta
486 1971 569 2001 non
623 1971 824 2012 magnum
871 1961 1057 2012 spatium
1103 1966 1336 2013 occupant,
1398 1965 1624 2013 praeterea
1668 1965 1798 2015 poeta

309 2029 440 2072 verba
473 2031 756 2071 1191—1193

474 2100 575 2151 Ζεῦ,
606 2098 751 2151 μηκέτ’
787 2098 894 2151 εἴην,
926 2099 966 2139 εἰ
995 2099 1128 2148 κακὸς
1158 2095 1314 2152 πέφυκ’
1349 2097 1473 2154 ἀνήρ,

479 2168 746 2209 αἴσθοιτο
780 2165 817 2207 δ’
850 2166 989 2220 ἡμᾶς
1019 2167 1087 2216 ὡς
1118 2166 1369 2221 ἀτιμάζει
1400 2168 1581 2222 πατὴρ

470 2237 566 2290 ἤτοι
597 2236 818 2284 θανόντας
848 2235 873 2289 ἢ
906 2235 1021 2288 φάος
1051 2237 1316 2289 δεδορκότας
1335 2249 1343 2257 ·
1524 2240 1568 2279 et
1603 2240 1714 2280 1240
1728 2249 1794 2291 sq.

471 2304 600 2359 Στῆτ’
635 2302 668 2346 ὦ
701 2304 909 2358 φάτναισι
940 2312 1032 2353 ταῖς
1064 2304 1187 2357 ἐμαῖς
1216 2304 1516 2358 τεθραμμέναι

475 2376 533 2429 μὴ
563 2373 900 2429 μ’,ἐξαλείψητ’·
934 2370 966 2414 ὦ
999 2374 1210 2426 πατρὸς
1241 2373 1452 2415 τοίλαιν7
1489 2373 1596 2427 ἀρὰ

470 2445 536 2492 τίς
565 2442 684 2498 ἄνδρ’
721 2443 957 2497 ἄριστον
988 2443 1192 2496 βούλεται
1225 2449 1363 2484 σῶσαι
1401 2443 1556 2497 παρών

306 2517 421 2556 certo
473 2512 644 2555 consilio
695 2511 889 2565 proferre
940 2511 1122 2553 videtur.
1210 2511 1317 2554 Cum
1371 2512 1482 2554 enim
1534 2511 1794 2566 Hippolytus

305 2589 487 2636 utroque
517 2582 609 2624 loco
639 2582 694 2624 ad
725 2581 1060 2623 exsecrationem
1093 2582 1229 2634 patris
1263 2581 1480 2633 respiciat,
1528 2580 1634 2623 haec
1666 2581 1795 2623 verba

302 2653 444 2705 potius
476 2655 523 2694 ut
555 2651 766 2694 Theseum
798 2654 997 2693 moveant
1030 2650 1230 2692 dicuntur
1262 2662 1388 2703 quam
1432 2655 1481 2691 ut
1521 2661 1623 2692 vera
1664 2650 1795 2692 verba

303 2721 526 2774 Hippolyti
571 2721 767 2771 reddant,
814 2720 866 2763 ef.
900 2732 937 2762 v.
969 2719 1067 2761 Wil.
1101 2719 1203 2761 Eur.
1238 2719 1367 2772 Hipp.
1411 2732 1453 2772 p.
1488 2721 1639 2770 232l33
1682 2719 1796 2773 quod

304 2791 348 2832 in
380 2790 473 2832 aliis
504 2791 663 2833 nuntiis
695 2789 939 2843 Euripideis
980 2802 1062 2831 non
1096 2789 1156 2832 fit.
1218 2790 1267 2831 In
1299 2789 1400 2831 Hec.
1436 2791 1664 2830 518—582
1697 2789 1794 2830 Tal-

307 2859 478 2912 thybius
528 2860 658 2901 verba
710 2859 927 2902 hominum
979 2859 1140 2901 directa
1187 2858 1311 2901 affert
1356 2858 1487 2900 haee:
1542 2859 1792 2907 523—524;

307 2931 560 2980 534—541;
615 2932 866 2979 547—5523
920 2932 1173 2980 563-565;
1228 2930 1469 2970 577—580.
1560 2926 1609 2968 In
1662 2926 1792 2968 Andr.
