1936 3276
939 280 991 285 -.
1058 258 1228 297 64-

337 372 633 426 explicandam
666 375 885 425 spectant:
932 371 1048 414 nulla
1079 384 1150 414 res
1182 384 1292 425 quae
1324 373 1498 416 minoris
1528 374 1732 418 momenti
1762 377 1830 418 est

336 443 514 486 affertur
545 454 682 495 neque
714 442 825 483 ullus
859 442 1078 494 digressus
1108 454 1134 484 a
1166 455 1212 484 re
1243 443 1338 495 ipsa
1380 441 1442 485 fit.
1503 443 1595 487 Hoc
1620 443 1829 498 imprimis

336 513 378 554 in
422 524 626 554 concursu
671 511 843 553 navium
887 511 1116 553 observare
1151 523 1400 565 possumus:
1444 524 1529 555 non
1565 513 1619 556 de
1649 513 1829 568 singulis
1890 531 1936 568 χ

336 582 514 623 navibus
558 581 768 633 quomodo
802 580 1097 623 dimicaverint
1128 580 1328 632 refertur,
1373 582 1448 624 sed
1482 583 1535 624 de
1566 595 1711 636 pugna
1740 594 1828 629 om-

335 651 449 693 nium
496 650 539 692 in
586 649 877 706 universum1)
923 663 1061 703 neque
1108 651 1283 693 nuntius
1323 654 1472 694 narrat
1513 651 1757 706 quidipse
1785 652 1830 695 in

334 732 480 773 pugna
513 719 746 762 Salaminia
790 732 944 774 passus
987 721 1042 762 sit
1085 725 1162 762 aut
1192 721 1343 774 egerit,
1388 721 1503 775 quod
1534 723 1673 765 nuntii
1703 722 1830 766 Euri-

334 789 449 843 pidei
489 789 727 843 plerunque
770 788 947 831 faciunt.
1009 789 1102 831 Hac
1143 789 1277 842 igitur
1308 791 1351 832 in
1382 792 1629 834 narratione
1659 804 1745 834 non
1776 792 1830 836 de

333 859 576 901 hominibus
623 863 671 901 ut
715 859 759 900 in
805 859 1121 900 narrationibus
1169 858 1428 912 Euripideis,
1476 860 1551 903 sed
1599 861 1652 904 de
1691 861 1828 904 rebus

336 930 495 981 agitur.
557 929 710 982 Itaque
759 929 951 970 narratio
999 928 1141 971 verbis
1186 928 1358 971 directis
1407 933 1537 972 caret.
1597 930 1694 973 Uno
1736 931 1829 975 loco

284 996 286 999 ’
334 999 465 1040 verba
506 998 659 1051 quibus
693 997 846 1040 Graeci
886 1010 980 1040 sese
1023 998 1078 1040 ad
1118 998 1394 1052 pugnandum
1434 998 1615 1042 incitant
1643 999 1830 1043 reddun-

334 1073 418 1118 tur,
459 1068 686 1122 imperium
728 1071 871 1110 autem
905 1068 1059 1110 Xerxis
1092 1071 1174 1110 356
1187 1080 1247 1122 sq.
1291 1071 1336 1111 et
1368 1071 1451 1112 364
1482 1081 1561 1122 per
1591 1070 1828 1113 orationem

335 1139 564 1191 obliquam.
625 1138 690 1180 Ab
723 1137 931 1191 Aeschylo
964 1150 1109 1191 pugna
1139 1138 1369 1181 Salaminia
1400 1150 1595 1182 sermone
1625 1139 1829 1183 historico

335 1213 379 1250 et
421 1221 538 1250 more
585 1208 807 1261 scriptoris
851 1220 993 1250 rerum
1039 1212 1259 1262 gestarum
1302 1209 1375 1262 qui
1417 1199 1544 1252 deum
1574 1209 1620 1257 in
1650 1209 1828 1258 historia

335 1290 429 1320 esse
461 1281 587 1331 putat
620 1277 890 1320 describitur.
1666 1313 1668 1315 .

449 1348 498 1389 In
531 1347 649 1400 Sept.
672 1351 843 1389 42—54
877 1348 987 1389 actio
1029 1348 1277 1390 narratione
1308 1360 1434 1401 quam
1469 1347 1755 1398 κατάσκοπος
1775 1348 1829 1391 ab

332 1417 509 1459 Eteocle
553 1418 707 1459 missus
754 1417 807 1459 de
853 1420 1018 1471 septem
1063 1417 1164 1459 viris
1207 1418 1378 1471 Argivis
1425 1416 1560 1460 refert
1609 1417 1826 1472 incipitur.

332 1487 414 1529 Hic
444 1487 618 1529 nuntius
648 1499 732 1529 non
764 1486 899 1529 solum
932 1487 1103 1529 nuntiat
1129 1490 1295 1540 septem
1318 1488 1432 1530 viros
1463 1486 1825 1542 appropinquare,

333 1558 408 1599 sed
441 1557 568 1599 etiam
601 1569 741 1599 mores
772 1569 920 1599 eorum
953 1557 1170 1599 describit.
1231 1557 1433 1599 Narratio
1466 1569 1576 1610 quae
1607 1557 1827 1610 prooemio

334 1631 378 1669 et
409 1626 601 1679 longiore
644 1626 814 1680 epilogo
861 1626 1220 1677 circumcluditur,
1265 1638 1349 1669 non
1387 1626 1569 1669 multum
1601 1624 1754 1686 differt
1773 1626 1828 1670 ab

334 1698 394 1738 eis
436 1696 590 1749 quibus
622 1695 853 1749 Euripides
894 1708 963 1738 res
1003 1707 1136 1738 novas
1179 1699 1227 1738 ut
1259 1695 1471 1738 actionem
1501 1698 1754 1750 promoveat
1784 1696 1829 1739 in

333 1766 601 1818 tragoediam
633 1765 808 1807 inducit.

451 1834 531 1876 Hic
564 1835 809 1887 speculator
831 1847 870 1876 v.
895 1838 977 1876 369
1000 1834 1113 1876 redit
1134 1838 1178 1876 et
1199 1834 1365 1876 Eteocli
1396 1846 1535 1879 mores
1566 1837 1610 1877 et
1635 1795 1827 1900 habitum

334 1907 501 1957 septem
546 1904 699 1946 ducum
746 1904 818 1956 qui
860 1904 997 1956 portis
1044 1903 1206 1945 instant
1249 1904 1464 1945 describit.
1540 1903 1743 1946 Narratio
1783 1903 1829 1946 in

333 1976 501 2026 septem
544 1976 693 2026 partes
738 1972 942 2014 dividitur
988 1972 1100 2025 quod
1139 1972 1338 2014 Eteocles
1380 1972 1522 2025 aliquo
1565 1984 1618 2015 ex
1660 1975 1828 2026 septem

336 2043 552 2096 descripto
598 2042 832 2095 respondet
875 2045 919 2084 et
963 2041 1087 2084 simul
1131 2041 1233 2084 dicit
1280 2054 1403 2094 quem
1449 2041 1726 2095 appositurus
1757 2041 1826 2084 sit.

332 2112 519 2154 Nuntius
546 2112 751 2165 'singulas
791 2115 939 2165 partes
981 2110 1187 2153 orationis
1220 2122 1390 2164 semper
1421 2123 1446 2153 a
1475 2110 1826 2164 prooemioinci-

333 2183 398 2235 pit
429 2185 473 2223 et
504 2182 674 2235 epilogo
706 2182 827 2223 brevi
858 2179 965 2223 finit.

449 2251 513 2292 De
545 2250 791 2293 narratione
814 2250 933 2302 Sept.
959 2253 1040 2291 792
1056 2262 1118 2302 sq.
1150 2250 1357 2302 pleraque
1389 2261 1520 2302 supra
1554 2262 1597 2303 p.
1620 2253 1645 2292 8
1679 2249 1824 2303 dispu-

333 2321 434 2361 tavi.
487 2320 629 2361 Etiam
661 2320 758 2361 huic
789 2318 1024 2360 narrationi
1057 2318 1187 2360 breve
1218 2317 1483 2370 prooemium
1516 2318 1824 2370 praemittitur.

448 2389 695 2431 Extremam
728 2390 897 2441 partem
928 2386 1179 2439 tragoediae
1210 2387 1263 2428 ab
1296 2386 1505 2440 Aeschylo
1536 2388 1822 2440 conscriptam

334 2470 428 2501 esse
471 2470 566 2500 mea
610 2456 1039 2510 quidemrsententia
1082 2455 1246 2498 Wundt
1288 2455 1331 2497 in
1374 2455 1527 2498 Philol.
1551 2458 1618 2506 65,
1664 2457 1822 2509 357sq.

333 2527 640 2581 comprobavit.
702 2526 867 2568 Novum
899 2527 1198 2578 argumentum
1231 2524 1400 2567 addam.
1461 2524 1571 2566 Nam
1603 2525 1823 2567 artenar-

332 2597 456 2639 randi
487 2609 598 2650 quae
628 2596 672 2638 in
714 2595 959 2638 narratione
1002 2593 1226 2647 praeconis
1262 2594 1547 2636 1010—1030
1579 2594 1820 2646 adhibetur,

333 2679 427 2708 cum
460 2666 706 2709 narratione
727 2665 953 2708 Persarum
979 2665 1029 2705 17
1037 2666 1207 2705 6—214
1230 2666 1274 2705 et
1296 2662 1583 2716 compluribus
1617 2663 1660 2706 in
1683 2662 1822 2705 Prom.

455 2818 489 2861 1)
517 2816 561 2851 cf.
582 2828 674 2859 quae
691 2829 722 2852 v.
741 2815 981 2852 Wilamowitz
998 2828 1004 2850 :
1032 2816 1240 2851 Timotheos
1259 2815 1391 2851 Perser
1416 2814 1460 2850 de
1482 2825 1605 2859 pugna
1625 2813 1821 2850 Salaminia

334 2886 356 2911 a
382 2874 570 2910 Timotheo
598 2875 782 2920 descripta
807 2875 904 2911 dicit.
