1936 3276
740 289 795 294 .-
858 269 1028 308 59-

73 363 414 445 ⁴“explicandae
446 381 560 430 sunt,
613 382 661 421 ut
692 380 733 422 ei
765 392 834 423 res
866 383 988 435 quasi
1020 382 1154 425 oculis
1185 382 1433 437 perspicere
1465 384 1544 426 sibi
1575 385 1636 427 vi-

127 446 332 493 deantur.
395 447 520 500 Quod
553 448 783 493 'l'ecmessa
813 451 882 493 Ai.
917 455 1000 495 284
1039 453 1119 495 sibi
1158 453 1363 508 proponit
1398 453 1464 497 his
1495 455 1636 497 verbis

307 517 430 562 ἅπαν
459 520 656 575 μαθήσει
688 520 883 575 τοῦργον
915 521 974 572 ὡς
1004 524 1222 573 κοινωνὸς
1253 524 1327 566 ὥν.

249 588 404 645 Itaque
436 590 571 633 verba
603 590 772 633 directa
803 591 941 634 locum
973 592 1016 634 in
1048 593 1261 636 nonnullis
1292 597 1395 648 apte
1417 593 1635 637 obtinent:

129 659 196 703 Ai.
229 663 486 713 288—2913
535 662 618 704 293
667 662 770 716 (non
817 661 1056 705 afferuntur
1107 664 1238 706 verba
1289 664 1431 708 Aiacis
1482 665 1635 718 quibus

129 728 247 775 Ulixi
287 733 332 774 et
365 731 527 774 Atridis
570 730 790 787 minatur).
852 731 1036 776 Philoct.
1070 733 1212 784 364s'6‚
1260 736 1433 785 369s70‚
1477 738 1630 784 379s81

51 839 62 847 ἦ
127 799 285 863 quibus
317 800 531 856 colloquia
563 814 674 855 quae
706 802 901 846 homines
941 803 1073 858 aliqui
1104 804 1350 848 habuerunt
1380 805 1635 848 redduntur.

97 919 99 921 ¹
127 870 188 915 Et
209 883 358 915 omnes
380 884 451 914 res
472 872 539 915 his
570 873 894 916 narrationibus
925 874 1197 928 explicantur
1229 875 1380 917 eadem
1413 875 1635 929 diligentia

114 945 259 996 *atque
299 941 384 986 illis
415 943 752 995 narrationibus,
800 956 982 998 quarum
1012 944 1151 987 forma
1188 945 1243 988 ad
1273 945 1393 999 leges
1428 945 1636 988 Rassowii

129 1012 328 1067 quadrat.
365 1038 414 1044 —-
447 1013 653 1056 Narratio
698 1026 781 1056 non
831 1026 1002 1068 semper
1049 1015 1199 1058 eodem
1246 1016 1371 1058 modo
1417 1015 1525 1058 fluit.
1586 1016 1635 1058 In

129 1081 238 1126 Oed.
260 1083 312 1126 R.
337 1086 568 1127 774-813
600 1085 792 1127 narratio
826 1085 1020 1128 versibus
1044 1089 1272 1128 726—778
1303 1086 1637 1139 interrumpitur

129 1153 244 1208 quod
275 1153 342 1197 his
374 1155 572 1198 versibus
594 1168 618 1198 a
643 1155 772 1198 rebus
805 1155 1082 1208 generalibus
1113 1157 1167 1199 ad
1190 1168 1260 1199 res
1282 1156 1474 1210 singulas
1496 1160 1636 1199 trans·

129 1223 349 1278 graditur3
393 1225 438 1268 in
482 1225 634 1268 Trach.
670 1229 828 1280 672sq.
871 1226 1078 1281 Deianira
1123 1230 1223 1280 post
1268 1227 1534 1281 prooemium
1566 1239 1635 1269 res

128 1294 278 1348 paucis
311 1295 455 1339 verbis
486 1296 813 1350 comprehendit
845 1299 889 1339 et
921 1297 1064 1339 verbis

829 1367 889 1417 ὡς
920 1366 955 1409 δ’
990 1368 1112 1423 εἴδῃς
1142 1366 1261 1409 ἅπαν

305 1429 334 1491 ᾖ
364 1435 482 1479 τοῦτ’
516 1435 732 1492 ἐπράχθη,
765 1437 926 1492 μείζον’
961 1436 1122 1480 ἐκτενῶ
1154 1438 1292 1492 λόγον

126 1503 185 1548 ad
216 1505 551 1560 descriptionem
578 1507 897 1561 diligentiorem
920 1508 1006 1561 (vv.
1032 1508 1276 1560 680-704)
1298 1508 1467 1550 transit.
1518 1506 1635 1549 Haec

127 1573 239 1619 bene
281 1576 683 1641 conveniuntocum
726 1577 976 1620 narratione
1019 1578 1265 1631 paedagogi
1307 1577 1349 1619 in
1389 1577 1469 1628 El,
1515 1577 1635 1620 cuius

62 1652 64 1654 ’
93 1663 96 1666 ’
127 1645 248 1700 prior
278 1658 382 1701 pars
413 1650 643 1690 681—695
677 1648 848 1690 brevior
879 1661 957 1702 per
989 1661 1056 1690 vv.
1081 1651 1209 1691 696l7
1254 1661 1349 1690 cum
1380 1647 1634 1702 insequente

128 1716 420 1772 coniungitur.

247 1786 432 1832 Omnino
462 1788 506 1831 in
537 1801 590 1831 ea
619 1801 682 1831 re
713 1790 804 1832 sola
849 1788 1093 1832 differentia
1136 1792 1203 1831 est
1245 1789 1360 1831 inter
1386 1783 1635 1842 'utrumque

128 1856 323 1901 ordinem
355 1859 651 1916 narrationum
685 1860 798 1913 quod
831 1859 980 1902 alteris
1013 1859 1210 1912 dialogus
1231 1859 1530 1912 praemittitur
1552 1871 1635 1912 quo

129 1939 296 1972 summa
341 1929 602 1973 narrationis
649 1930 917 1984 insequentis
965 1929 1194 1980 indicatur,
1242 1928 1390 1971 alteris
1440 1929 1636 1982 dialogus

56 2016 59 2018 ·
129 2011 215 2053 quo
244 1997 440 2043 homines
462 2001 703 2044 sententias
725 1992 779 2044 de
801 2001 930 2043 rebus
953 2003 1107 2054 postea
1128 1999 1354 2042 narrandis
1377 1999 1634 2053 exprimunt,

128 2068 171 2112 in
214 2069 372 2113 ceteris
415 2070 547 2113 rebus
594 2075 639 2113 et
670 2071 714 2112 in
758 2070 897 2113 forma
936 2073 1117 2112 externa
1149 2073 1193 2112 et
1224 2070 1267 2111 in
1299 2072 1393 2112 arte
1434 2069 1635 2111 narrandi

128 2138 290 2182 nullam
325 2139 612 2183 differentiam
647 2140 842 2183 invenire
874 2153 1064 2195 possum.

248 2209 532 2253 Narrationes
572 2223 683 2265 quae
720 2214 889 2254 restant
919 2209 1059 2253 fluunt
1090 2210 1170 2253 hoc
1201 2211 1349 2253 modo:
1395 2209 1459 2251 El.
1494 2213 1636 2251 255—

127 2281 215 2325 309
266 2280 442 2325 Electra
488 2281 592 2336 quid
638 2281 720 2324 sibi
773 2281 887 2324 domi
932 2282 1185 2336 patiendum
1235 2282 1303 2332 sit,
1353 2280 1633 2334 gradatim

129 2351 330 2406 exponit3
361 2364 460 2395 nam
493 2364 561 2395 vv.
597 2355 830 2395 254—260
861 2353 1032 2406 initium
1064 2352 1190 2395 facit:
1237 2351 1339 2394 mihi
1371 2351 1634 2404 querendum

129 2426 198 2465 est
240 2422 354 2477 quod
400 2422 696 2477 unusquisque
740 2423 814 2477 qui
858 2426 981 2465 tanta
1025 2422 1137 2464 mala
1180 2422 1375 2475 patiatur
1406 2425 1633 2474 quei-atim

130 2491 285 2536 deinde
315 2491 423 2536 haec
454 2492 568 2536 mala
598 2496 931 2536 enumerantur:
964 2493 1150 2546 primum
1175 2494 1416 2540 261—265⁷
1451 2492 1631 2531 alterum

130 2565 375 2615 266-270,
418 2563 595 2606 tertium
631 2567 875 2614 271-281,
921 2566 1122 2616 quartum
1156 2564 1399 2609 282—292,
1438 2560 1632 2612 quintum

130 2635 386 2688 293—2983
419 2645 571 2674 versus
596 2637 827 2675 299—309
861 2632 1077 2685 epilogum
1112 2630 1287 2672 faciunt.
1350 2629 1467 2670 Haec
1500 2628 1634 2681 igitur

129 2701 263 2745 verba
303 2701 483 2745 formam
522 2701 834 2754 explicationis,
877 2714 962 2744 non
996 2700 1258 2744 narrationis
1291 2699 1463 2741 habent.
1496 2723 1553 2728 —
1583 2698 1639 2741 In.

128 2854 255 2891 verbio
290 2855 497 2891 narrationi
532 2854 734 2900 praemisso
772 2858 835 2890 aut
871 2853 1016 2899 epilogo
1048 2851 1215 2898 proditur
1241 2855 1304 2888 aut
1330 2851 1368 2887 in
1393 2851 1475 2896 ipsa
1503 2861 1629 2886 narra-

128 2914 229 2951 tione
253 2918 296 2951 ut
321 2915 377 2952 Ai.
407 2917 486 2950 318.
