1950 3308
975 296 1262 334 —42-

373 414 515 453 exstat
547 411 589 452 in
622 404 786 452 actione
819 408 1037 458 dramatis,
1082 409 1239 461 explet.
1302 408 1453 462 Itaque
1484 404 1572 451 hae
1595 410 1864 453 narrationes

375 493 485 533 quae
516 492 593 532 pro
625 479 791 520 actione
823 489 918 518 esse
949 477 1203 527 debuerunt,
1237 490 1289 519 ex
1311 478 1404 531 ipsa
1425 483 1580 522 natura
1600 476 1862 534 tragoediae,

374 562 457 590 non
503 561 553 589 ex
593 550 845 599 argumento
890 546 1009 599 epico
1051 547 1371 599 tragoediarum
1419 552 1540 591 ortae
1581 553 1683 593 suut
1724 561 1864 603 neque

373 631 463 659 cum
498 616 754 657 carminibus
786 616 918 668 epicis
950 618 1190 669 comparari
1230 622 1411 670 possunt
1451 630 1589 672 neque
1620 618 1866 672 poeta'trae

372 688 490 738 gicus
536 686 647 739 quod
694 690 949 738 argumenta
981 686 1223 728 fabularum
1256 699 1308 728 ex
1342 688 1600 731 carminibus
1631 688 1866 742 epicis-ad-

370 756 521 805 hibuit,
554 769 633 808 per
653 756 921 798 narrationes
943 755 1159 808 longiores
1190 759 1329 798 artem
1359 754 1522 810 epicam
1554 758 1597 799 in
1619 758 1866 811 tragoedias

373 825 765 867 inducerevoluit.
840 824 951 866 Sane
994 825 1037 865 in
1081 825 1326 866 nuntiorum
1371 827 1689 872 narrationibus
1732 826 1867 870 multa

370 895 554 936 colorem
595 895 759 947 epicum
790 905 895 946 prae
927 905 973 935 se
1004 892 1161 943 ferunt,
1204 898 1248 935 et
1290 906 1359 936 res
1390 900 1590 938 narratae
1621 900 1667 938 et
1697 897 1868 951 singula
1943 954 1945 957 .

371 964 577 1005 vocabula
591 964 635 1018 ¹).
699 964 763 1004 Ex
805 962 959 1016 quibus
1000 963 1268 1004 notissimum
1313 967 1379 1006 est
1421 964 1464 1005 in
1502 964 1666 1007 nuntiis
1693 965 1868 1020 saepius

371 1038 650 1085 augmentum
704 1033 951 1086 syllabicum
1014 1032 1153 1074 omitti
1173 1030 1219 1086 2).
1305 1033 1531 1086 Euripides
1587 1033 1882 1088 augmentum
1920 1082 1921 1085 ,

375 1103 601 1156 quinquies
644 1102 825 1144 omittit:
874 1103 917 1144 in
959 1099 1244 1153 Baech2767,
1282 1106 1405 1153 1066,
1444 1106 1554 1145 1084
1593 1108 1638 1146 et
1667 1103 1750 1158 frg.
1782 1106 1867 1147 495
1934 1095 1938 1098 “

373 1172 564 1227 (1-45).
627 1172 860 1214 Praeterea
903 1167 1225 1223 La11tensach³)
1271 1172 1516 1214 observavit
1558 1172 1724 1216 duobus
1765 1173 1869 1216 locis

375 1241 547 1295 ῥήσεων
580 1240 824 1294 ἀγγελικῶν
862 1240 987 1283 finem
1033 1241 1263 1283 verborum*
1301 1242 1470 1294 epicum
1508 1241 1713 1286 inveniri:
1763 1243 1867 1286 Eur.

370 1310 529 1352 Phoen.
566 1314 675 1352 1246
707 1312 839 1352 ἔσταν
871 1316 914 1352 et
947 1310 1077 1363 Hipp.
1115 1314 1223 1352 1247
1257 1312 1500 1365 ἔκρυφθεν.
1560 1311 1680 1355 Alias
1708 1311 1869 1356 formas

372 1381 519 1432 epicas
534 1380 711 1421 addam:
744 1380 858 1422 Med.
882 1383 991 1422 1200
1014 1384 1058 1422 et
1083 1380 1208 1433 Hipp.
1231 1383 1340 1422 1223
1364 1381 1472 1435 (cod.
1491 1380 1620 1423 Μ.ΞΑ.
1636 1385 1868 1436 γναθμοῖς,
1899 1377 1902 1382 ’

371 1449 474 1492 S.P.
492 1449 538 1490 B.
555 1450 626 1492 V.:
659 1449 862 1503 γνάθοις)
880 1449 1019 1491 forma
1037 1448 1163 1503 'epica
1185 1454 1406 1504 γναθμοῖς
1426 1450 1598 1503 legitur.
1638 1451 1870 1505 Euripides

371 1520 413 1560 in
446 1518 615 1572 dialogo
639 1519 726 1560 Alc.
759 1523 842 1561 492
867 1524 911 1561 et
933 1523 1017 1561 494
1049 1524 1093 1561 et
1116 1519 1351 1573 Aeschylus
1375 1519 1552 1574 (sexies)
1572 1519 1871 1573 etSophoc'les

370 1587 471 1642 (bis)
504 1600 673 1641 semper
715 1588 852 1630 forma
883 1588 1053 1642 γνάθος
1084 1589 1243 1630 utitur:
1286 1590 1402 1642 apud
1433 1589 1668 1632 Homerum
1699 1591 1871 1643 semper

375 1658 512 1699 forma
533 1658 746 1711 γνάθμος.
790 1658 891 1699 Eur.
915 1658 1067 1700 Bacch.
1093 1662 1174 1700 737
1200 1658 1336 1700 forma
1359 1658 1481 1711 epica
1503 1658 1872 1713 ndfflffi‘nvenitur

367 1728 517 1769 eadem
550 1727 685 1769 forma
716 1729 846 1780 πόρις
887 1728 930 1768 in
962 1727 1127 1770 cantico
1159 1727 1307 1780 Suppl.
1341 1731 1449 1782 6293
1494 1727 1730 1782 Aeschylus
1761 1727 1871 1782 (bis)

368 1802 412 1837 et
472 1796 704 1848 Sophocles
775 1797 942 1851 (semel)
1005 1797 1185 1838 formam
1247 1799 1402 1851 πόρτις
1461 1797 1677 1839 adhibent.
1763 1797 1867 1840 Eur.

372 1865 521 1917 Suppl.
566 1869 645 1906 677
691 1869 733 1906 et
779 1869 860 1907 679
909 1866 1207 1919 παραιβάτης,
1259 1866 1354 1908 aliis
1402 1867 1504 1911 locis
1549 1866 1869 1920 tragoediarum

371 1946 542 1986 semper
563 1934 692 1987 παρά.
741 1933 820 1974 Hic
841 1946 1019 1980 numero
1042 1935 1193 1987 φόνος,
1219 1935 1291 1976 ubi
1314 1936 1352 1976 ei
1373 1934 1628 1987 significatio
1649 1935 1870 1988 sanguinis

369 2003 506 2055 inest3
540 2002 591 2044 cf.
622 2003 726 2043 Eur.
762 2002 929 2044 Heracl.
955 2006 1052 2044 822.
1085 2003 1117 2044 Ι.
1142 2003 1186 2044 T.
1225 2006 1347 2046 1338.
1381 2003 1477 2046 Hel.
1513 2008 1623 2047 1602
1654 2007 1699 2047 et
1729 2006 1870 2059 φόβος

367 2073 515 2125 fugam
547 2071 790 2124 significans
824 2072 980 2113 Phoen.
1018 2075 1152 2123 11253
1193 2071 1243 2114 cf.
1276 2072 1514 2116 locutiones
1546 2074 1699 2127 quibus
1730 2072 1868 2116 infini-

294 2138 297 2141 ’
368 2144 482 2184 tivus
524 2142 578 2182 ab
619 2141 790 2193 nomine
831 2141 899 2182 vel
943 2141 1154 2183 adiectivo
1195 2142 1378 2194 pendet,
1428 2143 1601 2195 saepius
1630 2142 1674 2185 in
1705 2143 1868 2185 nuntiis

367 2211 614 2264 Euripideis
661 2211 937 2252 inveniuntur
980 2223 1015 2252 e.
1049 2224 1089 2263 g.
1138 2211 1252 2252 Med.
1306 2214 1414 2253 1196
1476 2212 1711 2267 δυσμαθής
1755 2212 1869 2254 ἰδεῖν

488 2358 523 2400 1)
549 2361 665 2392 artem
690 2357 829 2400 epicam
854 2355 999 2390 nuntios
1026 2365 1114 2399 prae
1146 2365 1185 2389 se
1210 2354 1310 2390 ferre
1334 2355 1515 2391 iudicant:
1554 2358 1784 2405 Hermannus
1818 2359 1856 2393 in

368 2416 551 2460 opusculis
588 2419 635 2450 et·
661 2414 952 2459 praefationibus
992 2412 1199 2448 fabularum
1233 2413 1515 2458 Euripidearum
1551 2416 1702 2460 (Bacch.
1739 2416 1854 2462 Cycl.)

366 2475 554 2519 Hornung.
593 2475 676 2518 Prg.
716 2472 981 2517 Brandenburg
1009 2474 1098 2507 1869
1124 2483 1159 2516 p.
1186 2475 1218 2507 7.
1261 2485 1291 2507 v.
1314 2473 1555 2508 Wilamowitz
1581 2474 1687 2510 Herc.
1714 2475 1759 2518 11,
1787 2477 1865 2519 109,

370 2523 513 2568 Griech.
541 2533 648 2577 Trag.
675 2533 741 2566 ΙΙΙ.
772 2534 837 2567 186
865 2543 946 2566 ann.
973 2531 1115 2566 Griech.
1143 2531 1362 2567 Lit.-Gesch.
1390 2535 1483 2576 p.52.
1534 2533 1602 2568 Die
1628 2533 1775 2579 epische
1800 2534 1867 2568 Er-

367 2592 535 2636 ztffilung,
562 2592 628 2627 wie
653 2592 706 2627 sie
724 2590 920 2636 Euripides
943 2589 1139 2635 allerdings
1166 2591 1202 2624 in
1230 2592 1298 2626 den
1316 2591 1546 2627 Botenreden
1570 2592 1780 2628 kultiVierte
1803 2620 1810 2627 .
1830 2620 1837 2627 .
1858 2621 1864 2628 .

373 2650 429 2687 De
455 2656 587 2686 natura
613 2651 717 2696 epica
742 2650 886 2686 dubitat
912 2644 1073 2693 Rassom
1101 2650 1202 2685 cuius
1229 2654 1446 2694 argumenta
1465 2647 1630 2694 equidem
1646 2644 1719 2686 non
1739 2652 1865 2696 probo.

493 2725 531 2767 2)
558 2722 802 2766 Lautensach‚
831 2720 931 2757 stud.
958 2732 1003 2755 zu
1030 2720 1098 2756 den
1129 2722 1261 2765 griech.
1289 2722 1505 2767 Tragikern,
1543 2722 1738 2758 Hannover
1765 2724 1866 2766 1899,

373 2794 407 2827 p.
437 2784 514 2817 165.
806 2794 809 2798 ·

487 2854 523 2897 3)
550 2853 793 2896 Lautensach,
821 2853 924 2887 stud.
953 2863 997 2886 zu
1022 2851 1090 2886 den
1117 2852 1251 2896 griech.
1278 2853 1385 2897 Trag.
1413 2863 1446 2887 u.
1474 2852 1569 2887 Com.
1614 2852 1640 2886 I.
1667 2851 1859 2887 Personal-

368 2913 567 2957 endungen,
595 2912 789 2947 Hannover
818 2915 905 2947 1901
933 2923 966 2956 p.
998 2914 1051 2946 17.
