1950 3308
965 257 1254 296 —32-

371 373 571 428 1139s40,
606 373 757 426 quibus
790 371 963 413 nuntius
996 371 1326 424 descriptionem
1357 375 1522 425 septem
1545 372 1733 415 virorum
1760 370 1854 414 finit

368 442 549 486 afferens
582 442 790 495 quomodo
824 440 963 482 omnia
996 440 1228 482 videritet
1260 440 1412 482 Bacch.
1447 444 1578 493 71213

542 522 637 564 ὥστ’
674 523 714 563 εἰ
743 525 953 576 παρῆσθα
983 522 1061 563 τὸν
1090 523 1202 563 θεὸν
1233 522 1312 564 τὸν
1343 528 1428 564 νῦν
1458 521 1607 576 ψέγεις

542 590 740 645 εὐχαῖσιν
771 589 826 632 ἂν
856 594 1071 645 μετῆλθες
1103 592 1280 633 εἰσιδὼν
1310 592 1427 645 τάδε,

367 673 437 713 ubi
470 672 645 714 nuntius
691 672 734 713 in
779 670 862 713 fine
908 671 1208 725 descriptionis
1254 672 1493 716 Pentheum
1537 671 1754 727 appellat;
1801 671 1853 715 cf.
1926 679 1934 694 s

367 744 495 791 746l7
544 741 615 783 ubi
658 742 832 783 nuntius
877 742 919 783 in
951 740 1034 783 fine
1065 742 1203 794 partis
1244 742 1566 785 similitudinem
1609 742 1732 796 ponit
1771 754 1856 796 qua
1917 731 1923 735 ’

364 810 603 852 Pentheum
635 810 880 863 alloquitur.

480 880 653 922 Initium
685 880 872 932 partium
907 891 1017 932 quae
1048 880 1091 921 in
1123 879 1441 922 narrationibus
1472 880 1641 934 seiungi
1660 885 1854 934 possunt,

363 947 598 1002 Euripides
630 949 802 1002 saepius
834 949 887 990 ab
919 948 1070 990 iisdem
1095 948 1234 990 verbis
1267 947 1369 991 fecit
1385 948 1428 1002 ¹).
1490 948 1580 991 Iam
1611 950 1751 1002 primo
1781 950 1856 993 ob·
1890 999 1895 1005 .

365 1022 463 1060 tutu
495 1018 688 1060 videmus
735 1017 941 1070 plurimas
984 1018 1254 1060 narrationes
1299 1019 1544 1060 nuntiorum
1590 1019 1722 1062 verbo
1763 1017 1861 1063 ἐπεί
1894 1012 1896 1015 ’

363 1088 552 1141 incipere
593 1100 648 1130 sc.
681 1088 857 1129 nuntius
897 1087 1034 1140 primo
1074 1087 1296 1130 enuntiato
1338 1088 1595 1131 narrationis
1637 1100 1707 1149 res
1747 1100 1856 1142 quae
1922 1081 1938 1097 ²

365 1160 705 1208 antecesserunt,·
735 1157 924 1199 breviter
945 1156 1267 1209 comprehendit
1298 1160 1343 1199 et
1367 1157 1539 1211 indicat,
1574 1170 1599 1200 a
1630 1169 1714 1211 quo
1745 1161 1855 1204 temf

366 1239 470 1280 pore
502 1227 691 1279 incipere
724 1226 848 1281 velit;
881 1227 996 1269 locos
1029 1226 1080 1269 cf.
1112 1227 1228 1280 apud
1259 1227 1524 1285 Rassowium
1556 1226 1578 1282 ξ
1612 1231 1650 1269 7.
1711 1227 1854 1270 Etiam

365 1297 408 1338 in
440 1297 686 1338 narratione
729 1296 823 1348 ipsa
863 1296 1058 1338 nuntium
1102 1309 1207 1339 voce
1251 1295 1348 1338 ἐπεί
1383 1299 1551 1350 partem
1594 1307 1749 1339 novam
1791 1296 1852 1339 in-

367 1366 509 1418 cipere
531 1366 782 1407 invenimus.
846 1365 926 1408 Hic
948 1366 1082 1418 igitur
1102 1366 1327 1416 indicatur,
1360 1366 1541 1408 alteram
1562 1369 1732 1419 partem
1762 1364 1857 1408 fini-

364 1439 454 1477 tam
487 1447 579 1477 esse
613 1439 656 1477 et
686 1438 839 1477 novam
862 1435 1074 1488 incipere3
1109 1435 1160 1477 cf.
1184 1436 1296 1478 Med.
1325 1439 1430 1477 1211
1466 1434 1558 1478 ἐπεὶ
1590 1433 1638 1477 δὲ
1669 1436 1856 1490 θρήνων

364 1503 436 1546 καὶ
468 1520 586 1558 γοων
619 1503 839 1546 ἐπαύσατο
871 1517 953 1558 quo
987 1517 1113 1547 versu
1155 1509 1332 1558 questus
1372 1505 1509 1558 patris
1539 1505 1715 1548 nuntius
1757 1503 1858 1565 finit

366 1578 413 1615 ut
445 1573 498 1615 ad
531 1586 582 1615 ea
614 1586 724 1627 quae
756 1586 828 1616 eos
850 1575 1045 1617 insecuta
1073 1579 1174 1616 sunt
1196 1576 1372 1617 accedat
1393 1587 1449 1617 sc.
1473 1575 1634 1618 exitum
1657 1574 1855 1619 Creontis

366 1647 551 1685 enarret.
600 1646 705 1685 item
751 1644 793 1685 in
841 1643 971 1697 Hipp.
1020 1647 1144 1686 1198.
1193 1644 1295 1686 Hec.
1329 1648 1406 1686 571
1456 1643 1526 1699 (cf.
1573 1647 1653 1686 557
1686 1641 1858 1699 κάπεὶ);

370 1713 540 1755 Heracl.
574 1716 671 1755 830.
706 1713 801 1755 Hel.
839 1717 973 1765 15773
1006 1713 1166 1756 Phoen.
1203 1717 1327 1756 1377.
1360 1713 1433 1756 Or.
1458 1717 1556 1756 884.
1614 1713 1741 1757 Aliud
1771 1712 1860 1756 tale

374 1783 565 1832 verbum,
600 1795 682 1835 quo
716 1783 882 1824 initium
906 1783 1043 1836 partis
1065 1783 1244 1825 alicuius
1266 1782 1492 1834 indicatur,
1527 1786 1594 1825 est
1623 1782 1707 1825 κάν
1726 1782 1859 1839 τῷδες

367 1851 446 1893 hoc
478 1851 690 1904 significat
721 1854 931 1894 actionem
962 1854 1148 1905 aliquam
1181 1854 1224 1894 in
1256 1853 1382 1894 aliam
1414 1852 1613 1895 incidisse
1635 1851 1858 1894 autsimul

369 1920 527 1962 factam
574 1932 692 1970 esse3
743 1920 797 1962 cf.
834 1921 964 1973 Hipp.
1004 1924 1114 1962 1194
1146 1924 1228 1962 κὰν
1274 1922 1375 1977 τῷδ’
1408 1920 1541 1975 ἐπῆγε
1585 1920 1770 1975 κέντρον
1815 1920 1860 1970 ἐς
1940 1914 1945 1919 ’

368 1997 516 2044 χεῖρας
560 1990 709 2043 λαβών
756 1989 805 2031 cf.
842 1989 991 2042 Suppl.
1026 1994 1130 2043 7073
1185 1990 1270 2032 Ion.
1308 1993 1416 2033 1196
1464 1990 1497 2032 Ι.
1531 1990 1578 2033 T.
1613 1994 1709 2041 281,
1759 1992 1857 2040 301,

369 2063 503 2112 ‘1379;
538 2058 634 2101 Hel.
672 2062 794 2101 1537.
827 2059 984 2101 Phoen.
1023 2061 1131 2102 1396
1164 2059 1215 2102 cf.
1250 2059 1321 2102 Or.
1355 2063 1436 2103 902
1467 2058 1573 2102 κάπὶ
1603 2061 1727 2116 τῷδε.
1791 2059 1858 2102 Si-

368 2129 488 2171 miles
520 2133 667 2181 partes
712 2129 802 2182 agit
844 2141 924 2171 vox
966 2127 1213 2171 τούνθένδε
1252 2129 1366 2171 Med.
1403 2132 1526 2171 1167.
1567 2129 1698 2183 Hipp.
1733 2132 1858 2180 1185,

367 2198 495 2240 Herc.
532 2202 636 2240 1001
672 2197 904 2240 κάνθένδε.
937 2223 992 2228 -
1023 2198 1258 2252 Postquam
1288 2199 1464 2246 nuntius
1505 2199 1680 2241 ineunte
1710 2210 1858 2242 narra-

367 2268 483 2309 tione
517 2268 715 2320 exposuit
747 2280 831 2320 qua
862 2269 904 2309 in
937 2268 1155 2310 occasione
1188 2281 1256 2310 res
1289 2272 1433 2321 gestas
1465 2268 1634 2320 viderit,
1667 2268 1859 2322 descrip-

368 2338 528 2379 tionem
560 2350 704 2379 rerum
736 2338 907 2390 saepius
941 2336 1079 2378 verbis
1113 2337 1201 2388 ὁρῶ
1234 2336 1285 2377 δέ
1313 2337 1489 2388 incipit;
1523 2336 1572 2379 cf.
1607 2336 1740 2390 Supp.
1775 2341 1858 2380 650

369 2419 459 2459 sqq.
492 2406 651 2448 Phoen.
688 2409 811 2447 1165.
845 2404 916 2447 Or.
951 2408 1029 2446 871
1067 2404 1131 2457 (cf.
1167 2406 1267 2458 879)
1300 2405 1448 2447 Bacch.
1483 2408 1579 2447 680.

483 2475 618 2517 Poeta
650 2487 718 2516 res
750 2474 984 2517 narrandas
1020 2475 1191 2527 saepius
1237 2486 1320 2516 non
1363 2475 1479 2528 ipsas
1527 2474 1741 2524 describit,
1782 2475 1857 2517 sed

374 2549 547 2588 enarrat
579 2543 757 2587 affectus
790 2545 943 2598 quibus
975 2544 1102 2585 animi
1135 2545 1322 2586 omnium
1365 2544 1437 2597 qui
1469 2545 1651 2587 aderant
1682 2543 1751 2587 vel
1794 2542 1856 2586 fa-

369 2615 577 2657 mulorum
611 2614 679 2656 vel
710 2614 847 2656 nuntii
879 2613 1019 2656 affecti
1052 2613 1149 2655 sint.
1226 2613 1293 2655 Ita
1323 2612 1522 2664 efficitur,
1564 2618 1612 2656 ut
1644 2625 1740 2656 cum
1772 2613 1855 2656 illis

491 2757 523 2797 1)
550 2755 654 2799 copia
680 2754 793 2799 igitur
816 2752 1005 2788 verborum
1041 2763 1133 2796 quae
1158 2753 1195 2787 in
1221 2752 1492 2788 narrationibus
1527 2751 1756 2795 adhibentur,
1783 2762 1855 2786 non

369 2822 499 2857 magna
526 2817 591 2848 est.
642 2814 764 2848 Etiam
800 2814 869 2847 hac
902 2823 946 2847 ex
978 2817 1083 2857 parte
1110 2812 1305 2857 Euripides
1340 2815 1381 2846 ut
1416 2812 1553 2847 animos
1578 2810 1855 2846 Atheniensium

373 2870 420 2906 ad
443 2881 502 2907 res
529 2872 741 2916 narrandas,
769 2883 840 2907 non
867 2870 912 2906 ad
938 2881 1049 2915 genus
1076 2871 1251 2907 narrandi
1276 2874 1446 2914 verteret,
1473 2879 1620 2906 curasse
1644 2867 1798 2905 videtur.
